1742 3233
444 286 495 312 nn
531 282 738 313 ABnAflAM.
776 284 855 312 Lm.
894 286 938 313 11.
1287 272 1370 330 575

78 361 241 405 XXXI.
277 361 386 418 Ergo
415 375 532 401 mens
564 361 639 402 viri
670 356 864 417 sapientis
897 361 1085 418 ejusdem
1119 363 1264 406 animae
1307 367 1373 408 vel

21 432 183 489 lapsus,
203 432 267 472 vel
289 430 595 471 irrationabiles
617 437 755 470 motus
777 431 917 471 studet
947 431 1173 488 corrigere,
1210 433 1373 491 sibique

24 501 292 558 conjungere.
316 500 456 542 Potest
476 498 691 540 enimfieri
709 507 755 541 ut
775 515 866 556 quae
888 500 1099 543 interdum
1124 503 1368 560 displicent,

21 572 301 612 emendentur
334 584 430 610 cum
460 569 602 626 gratia.
635 569 793 610 Effusio
815 570 1057 627 patrimonii
1081 573 1112 613 si
1134 573 1368 624 recidatur,

23 639 465 684 habetliberalitatem
494 639 582 680 sine
603 639 832 696 dispondio.
869 639 1131 683 verecundia
1161 643 1373 686 interdum

22 710 234 753 remissior
254 717 338 756 est3
363 708 393 750 si
414 708 702 757 confirmetur,
722 709 848 751 habet
866 717 908 751 et
925 711 1286 769 pudorisgmtiam
1300 746 1311 761 ,
1331 722 1373 755 et

22 780 223 840 propositi
250 780 538 821 constantiam.
565 779 802 821 Commotio
826 779 859 821 si
887 788 1159 838 temperetur,
1180 783 1375 840 indigna-

22 850 148 893 tionis
165 851 383 891 horrorem
403 849 596 908 deponit,
622 850 792 891 assumit
819 851 987 892 laudem
1009 851 1173 909 vigoris.
1197 854 1323 904 Quod
1341 854 1374 896 si

24 920 250 961 emendare
271 935 355 960 non
382 928 543 976 potest,
581 918 906 977 non'exasperet
931 920 1262 978 intemperantia.
1297 924 1377 965 De-

22 988 247 1046 prehendit
265 991 458 1030 ardorem
481 989 664 1030 libidinis
691 1005 815 1045 quam
843 989 1038 1046 conjugio
1065 994 1278 1039 coerceat,
1298 1007 1372 1041 ne,

24 1059 126 1099 dum
158 1059 357 1114 quaeritur
388 1059 668 1106 continentia,
695 1059 869 1115 obrepat
890 1059 1162 1116 impudicitia.
1193 1060 1378 1116 Ideoque

23 1127 233 1171 bonorum
256 1128 452 1184 magister
471 1143 479 1168 :
505 1128 640 1169 «Dico
657 1160 667 1175 ,
692 1128 848 1184 inquit,
875 1143 959 1169 non
984 1129 1123 1186 nuptis
1150 1137 1191 1170 et
1213 1130 1347 1171 viduis
1362 1163 1373 1179 ,

25 1197 215 1239 »honum
244 1206 305 1239 est
328 1197 405 1238 illis
428 1198 460 1238 si
483 1197 541 1238 sic
564 1205 859 1255 permaneant,
886 1198 993 1240 sicut
1016 1206 1056 1240 et
1079 1214 1167 1256 ego.
1197 1200 1323 1251 Quod
1345 1201 1378 1243 si

25 1284 43 1307 >›
57 1281 99 1308 se
122 1282 205 1308 non
223 1267 460 1315 continent,
484 1268 659 1309 nubant.
681 1268 828 1319 Melius
845 1276 906 1309 est
923 1268 1036 1309 enim
1054 1269 1213 1310 nubere
1227 1302 1237 1318 ,
1252 1285 1378 1326 quam

26 1337 163 1379 »furth
193 1356 207 1376 »
234 1337 339 1379 Sunt
370 1338 515 1394 aliquae
547 1338 744 1380 mulieres
767 1338 993 1379 immaturo
1021 1339 1227 1380 destitutae
1248 1340 1380 1382 mari-

26 1414 168 1449 torum
197 1407 336 1455 obitu,
368 1415 411 1448 et
440 1423 482 1448 so
515 1408 730 1449 continere
751 1416 980 1464 nequeunt.
1020 1425 1035 1446 «
1058 1408 1187 1457 Volo,
1215 1409 1375 1466 inquit,

27 1476 243 1534 »juniores
275 1478 457 1526 nubere,
491 1476 597 1519 filios
627 1493 870 1535 procreare,
908 1479 1240 1522 matresfamilias
1271 1496 1376 1530 esse,

29 1548 217 1589 »nullam
237 1547 502 1589 occasionem
526 1550 624 1590 dare
648 1548 883 1589 adversario
900 1548 928 1590 ².
955 1567 969 1587 ι)
999 1549 1125 1599 Quod
1157 1549 1188 1590 si
1223 1542 1380 1606 aliquas

28 1617 190 1661 deliciae
207 1619 417 1660 delectant
431 1650 442 1666 ,
465 1626 506 1659 et
522 1618 721 1659 luxuriari
738 1618 780 1659 in
803 1617 967 1660 Christo
983 1620 1150 1667 volunt,
1171 1618 1380 1661 viduitatis

32 1686 272 1742 affectantes
289 1688 479 1745 gloriam,
493 1687 810 1745 germanitatem
823 1696 1060 1730 autemnon
1079 1688 1377 1738 custodientes,

31 1773 100 1800 eas
124 1758 364 1800 devitandas
389 1758 576 1815 judicat,
610 1766 656 1800 ut
688 1758 816 1800 habes
843 1758 1046 1816 scriptum
1068 1773 1077 1799 z
1102 1757 1389 1800 «Adolescen-·

32 1831 187 1872 »tiores
213 1829 357 1871 viduas
380 1829 515 1870 devita
533 1828 561 1871 ³.
584 1847 599 1868 »

91 1900 274 1942 XXXII.
311 1900 440 1943 Recte
464 1900 589 1957 igitur
611 1899 825 1941 Abraham
851 1915 948 1942 cum
970 1901 1079 1942 bona
1106 1901 1225 1943 venia
1254 1902 1386 1944 voluit

33 1977 233 2027 nepotem
255 1960 479 2018 dimittere,
496 1984 620 2026 quem
643 1969 937 2012 deflectentem
955 1986 975 2012 a
994 1986 1036 2012 se
1055 1979 1195 2029 tenere
1213 1987 1297 2013 non
1314 1987 1386 2029 po-

35 2048 154 2083 terat.
185 2039 253 2081 Sic
275 2047 315 2081 et
335 2054 453 2081 mens
475 2040 583 2081 hona
609 2055 629 2081 a
652 2040 853 2097 praecipiti
886 2048 928 2081 et
955 2041 1135 2082 dirnerso
1164 2041 1386 2083 irrationa-

34 2110 184 2154 bilium
208 2113 326 2169 lapsu
349 2119 536 2153 secernat
559 2126 601 2152 se
620 2126 666 2152 ac
689 2119 863 2168 separet.
898 2111 972 2152 «Si
1000 2120 1067 2160 tu,
1096 2111 1252 2168 inquit,
1276 2112 1317 2153 in
1339 2113 1388 2154 si-

36 2183 265 2230 ›rnistrmm
293 2197 369 2238 ego
393 2181 435 2222 in
458 2180 694 2223 dexteram:
716 2183 782 2222 vel
804 2181 836 2222 si
860 2188 905 2222 tu
927 2181 968 2222 in
992 2176 1227 2232 dexteram,
1251 2198 1326 2239 ego
1346 2183 1388 2224 in

38 2251 323 2300 »sinist1²a1n‘⁴,
349 2269 364 2290 >›
388 2251 469 2293 hoc
491 2259 575 2299 est,
595 2266 686 2307 quse
711 2251 787 2292 tibi
813 2251 854 2292 in
878 2252 1045 2292 dextera
1071 2260 1189 2300 sunt,
1216 2252 1318 2294 mihi
1346 2253 1388 2294 in

39 2323 202 2364 sinistra
226 2330 342 2364 sunt:
364 2329 406 2362 et
428 2336 518 2377 quae
535 2321 610 2362 tibi
628 2321 669 2362 in
687 2321 874 2370 sinistra,
899 2320 1002 2362 mihi
1024 2321 1066 2362 in
1084 2311 1250 2363 dextera
1274 2330 1384 2364 sunt.

39 2393 139 2435 Viro
156 2393 268 2434 enim
285 2392 540 2449 imprudenti
562 2391 604 2433 in
625 2393 792 2433 dextera
816 2400 935 2440 sunt,
956 2407 1047 2448 quae
1064 2399 1160 2433 sunt
1177 2393 1386 2450 corporis:

39 2476 90 2504 ea
110 2462 295 2519 praesert,
314 2477 362 2503 ea
379 2460 595 2502 constituit
614 2461 655 2502 in
674 2461 890 2502 meliorem
908 2469 1069 2518 partem
1084 2494 1094 2510 ,
1115 2461 1274 2503 ‹livitias
1292 2477 1393 2518 quo-

40 2546 123 2588 que
158 2539 199 2573 et
229 2532 410 2573 honores
440 2530 649 2588 praeponit
670 2545 678 2571 :
710 2538 752 2572 at
772 2546 870 2573 vero
891 2530 1215 2574 immortalitatis
1237 2533 1396 2590 adipis-

90 2630 98 2644 ¹
123 2631 134 2652 1
154 2622 228 2653 Cor.
250 2632 309 2661 vu,
324 2621 356 2654 8.
375 2639 415 2645 —-
431 2631 442 2645 ²
467 2632 478 2652 ι
497 2620 584 2652 Tim.
600 2631 632 2657 v,
652 2620 699 2659 14.
716 2637 753 2645 —
775 2621 787 2643 3
802 2619 886 2652 Ibid.
909 2630 956 2651 ιι.
974 2636 1014 2645 -
1034 2620 1141 2652 ⁴Gen.
1159 2630 1232 2654 xm.
