1742 3233
318 255 407 298 380
870 271 900 299 s.
941 273 1129 300 Aiinnosn

312 348 517 405 >imperata
540 356 702 389 mutare
728 350 1050 391 mansuetudine
1066 383 1076 398 ,
1102 366 1220 392 suam
1251 351 1409 392 rabiem
1439 352 1671 409 deponere,
1728 359 1732 372 ¹

314 425 482 458 nostros
504 433 641 458 mores
665 433 853 465 sumere3
879 426 920 459 et
942 433 1038 459 eum
1061 418 1140 460 sint
1161 419 1235 475 ipsi
1259 420 1462 462 terribiles
1478 452 1489 470 ,
1509 421 1676 464 discunt

314 488 476 529 timere.
509 487 694 528 Caeditur
716 488 853 537 canis,
878 496 923 529 ut
945 498 1138 546 pavescat
1154 491 1219 530 leo
1241 504 1249 530 :
1276 497 1315 531 et:
1336 490 1406 546 qui
1429 506 1500 532 sua
1525 491 1676 548 injuria

311 564 598 612 exasperatur,
628 560 847 598 coercetur
880 557 1011 599 aliena
1029 591 1038 607 ,
1065 558 1316 614 alteriusque
1339 561 1530 616 exemplo
1561 559 1676 601 sran—

314 626 439 684 gitur.
471 627 645 678 Quoties
668 634 810 683 parata
833 629 970 683 praeda
995 636 1037 669 et
1068 627 1162 669 cibo
1186 628 1308 670 obvio
1340 629 1492 670 samem
1516 631 1676 687 perpeti
1730 629 1734 642 ¹

312 699 499 743 malunt,
527 698 627 737 dum
650 696 850 737 offensam
875 698 1059 754 magistri
1085 698 1313 740 verentur?
1331 700 1507 750 Quoties
1531 715 1677 757 repen-

310 766 400 808 tino
429 766 594 822 impulsi
614 775 731 807 motu
757 775 897 823 aperta
933 769 985 809 ad
1005 784 1168 810 morsus
1192 785 1263 811 ora
1291 769 1395 826 jussi
1427 773 1675 814 resolvunt?

308 835 372 877 Ita
397 837 497 876 dum
521 844 671 876 nostrae
688 837 891 878 voluntati
915 838 1220 893 obsequuntur,
1246 854 1330 880 suae
1349 839 1668 882 obliviscuntur.

313 904 408 947 Non
432 905 487 946 ita
509 904 587 946 illae
618 904 738 953 serre,
768 907 833 946 vel
865 906 932 948 illa
971 916 1158 949 armenta
1194 923 1398 964 equorum
1416 941 1426 957 ,
1451 911 1512 950 vel
1545 925 1675 966 genus

313 988 443 1015 omne
466 975 679 1030 pecudum
694 1007 704 1022 ,
731 989 822 1030 quae
845 975 932 1017 sine
955 985 1117 1018 rectore
1139 986 1341 1034 vagantur
1362 979 1447 1020 ullo
1462 1011 1473 1027 ,
1499 986 1539 1019 et
1561 978 1675 1020 omni

1732 1026 1736 1039 ,

317 1045 538 1086 domitoris
554 1045 839 1102 gubernaculo
862 1047 1057 1088 destituta
1076 1057 1386 1104 exasperantur.
1419 1049 1470 1090 Et
1492 1048 1585 1090 ideo
1610 1064 1678 1107 ap·
1719 1092 1736 1102 ,,

311 1115 436 1171 positi
454 1123 549 1155 sunt
568 1115 829 1163 armentarii,
856 1116 1057 1173 opiliones
1071 1149 1082 1165 ,
1105 1117 1326 1174 ca·'.eriqu,1e
1344 1126 1532 1175 pastores
1550 1151 1560 1166 ‚
1584 1119 1675 1175 qui·
1732 1147 1736 1174 5

311 1186 411 1226 dam
444 1185 630 1241 magistri
653 1201 826 1242 gregum
850 1185 984 1227 officia
1007 1202 1079 1228 sua
1103 1186 1272 1244 singulis
1295 1188 1570 1230 animantium
1594 1188 1673 1230 sibi

309 1255 640 1297 commissorum
663 1255 902 1296 conditione
926 1255 1164 1298 formantes.

370 1324 438 1367 IV.
478 1324 655 1366 Videtur
685 1340 785 1382 ergo
811 1334 853 1366 et
876 1341 1074 1367 sensuum
1103 1336 1343 1368 nostrorum
1368 1329 1580 1383 quoddam
1602 1343 1673 1384 ge-
1732 1334 1736 1348 ¹

312 1409 392 1436 nus
432 1395 544 1435 aliud
581 1395 784 1436 domitum
824 1403 865 1437 et
900 1404 1167 1437 mansuetum
1204 1411 1212 1437 :
1254 1395 1366 1437 aliud
1396 1396 1673 1445 indomitum,

310 1466 429 1520 quod
457 1464 711 1505 armentario
736 1467 918 1520 quodam
943 1474 1061 1507 metu
1091 1466 1243 1507 mentis
1263 1467 1378 1507 velut
1395 1466 1535 1507 deside
1553 1474 1676 1522 atque

313 1535 500 1575 resoluto
526 1543 699 1590 proru:.t
726 1536 777 1576 ad
802 1535 1104 1577 irrationabiles
1127 1536 1425 1577 delectationes
1453 1536 1642 1593 corporis
1663 1551 1673 1577 ε

313 1612 583 1645 mansuetum
609 1612 748 1645 autem
773 1606 886 1660 quod
915 1606 1030 1647 velut
1064 1604 1159 1646 duci
1196 1605 1364 1646 cuidam
1396 1604 1676 1647 moderationi

311 1675 467 1716 mentis
485 1689 527 1715 se
545 1674 740 1732 subjiciat
752 1683 793 1716 et
809 1675 972 1716 subdat.
996 1676 1285 1730 Quaecumque
1297 1690 1396 1731 ergo
1409 1675 1500 1731 ejus
1518 1683 1677 1717 naturae

312 1752 536 1801 reguntur,
563 1760 610 1786 ea
634 1753 731 1786 sunt
760 1744 991 1786 masculina
1014 1752 1137 1800 atque
1159 1744 1342 1800 perfecta
1363 1759 1372 1785 :
1400 1760 1678 1801 quaecumque

312 1823 454 1857 autem
473 1816 561 1856 sine
583 1817 690 1857 duee
708 1816 793 1856 ullo
814 1815 976 1872 plebeia
996 1815 1320 1872 praesumptione
1339 1817 1519 1871 quadam
1537 1815 1678 1857 ‹lomi-

314 1893 485 1933 nantur,
513 1886 626 1926 velut
658 1884 835 1926 civitatis
859 1884 1058 1940 alicujus,
1094 1900 1186 1941 quae
1210 1885 1317 1941 regis
1341 1884 1677 1942 optimatumque
1734 1921 1737 1946 ,Ι

312 1954 490 1996 consitio
506 1954 663 2011 privata
687 1954 760 2003 sit,
786 1954 841 1996 ita
862 1955 1049 2012 eorporis
1067 1955 1129 1996 sui
1152 1970 1321 1996 omnem
1345 1963 1499 1997 statum
1517 1964 1557 1998 et
1574 1956 1680 1998 viria
1734 1984 1737 2003 ἐ

314 2024 398 2065 lem
431 2023 618 2080 vigorem
649 2024 844 2065 muliebri
882 2025 1061 2080 quadam
1096 2025 1368 2067 dissolutione
1401 2025 1672 2069 effoeminant.

254 2080 260 2086 ¹
316 2093 380 2134 Ex
409 2093 474 2134 his
501 2093 570 2134 illa
602 2095 669 2135 lex
700 2094 835 2135 carnis
865 2102 946 2143 est,
974 2110 1064 2150 quae
1100 2095 1234 2152 legem
1269 2096 1504 2153 apostolicae
1527 2096 1678 2139 mentis

316 2162 594 2219 impugnans,
625 2164 831 2220 captivam
853 2163 1044 2205 trahebat
1066 2179 1157 2205 eam
1181 2165 1362 2221 quadam
1383 2166 1474 2222 lege
1493 2164 1672 2222 peccati.

318 2230 371 2272 Et
395 2231 489 2272 ideo
507 2240 554 2272 ut
577 2233 626 2273 de
649 2233 720 2274 illo
751 2233 897 2275 mortis
927 2249 1102 2291 corpore
1132 2234 1397 2283 liberaretur,
1421 2249 1537 2291 spem
1559 2249 1678 2276 suam

313 2300 468 2344 Paulus
493 2317 688 2351 omnem,
714 2318 798 2344 non
821 2302 862 2344 in
896 2319 967 2344 sua
994 2303 1173 2352 virtute,
1199 2303 1334 2345 sedin
1363 2303 1516 2345 Christi
1548 2302 1678 2361 gratia

316 2371 590 2428 reponebat¹.
622 2373 742 2414 Unde
768 2373 898 2429 liquet
920 2374 1035 2429 quod
1061 2373 1123 2414 ha:
1150 2373 1475 2421 commotiones,
1499 2387 1590 2430 quae
1612 2387 1680 2414 se-

316 2443 509 2484 cundum
536 2444 672 2499 legem
694 2443 846 2485 mentis
869 2451 991 2492 sunt,
1017 2459 1068 2485 ex
1091 2443 1229 2484 divino
1257 2443 1396 2485 favore
1416 2444 1675 2501 procedunt,

316 2511 387 2553 alii
411 2520 551 2553 autem
569 2527 713 2555 sensus
730 2529 780 2555 ex
796 2515 1012 2571 voluptate
1039 2528 1255 2570 corporea.

366 2611 373 2621 “
398 2601 490 2634 Roxr.
507 2614 567 2643 vu,
584 2606 612 2636 5.
