1742 3233
523 287 576 318 1>ss
609 286 821 318 mmmm.
855 288 935 318 Lm.
972 287 1016 318 11.
1363 273 1449 320 613

28 381 32 383 ’
93 366 325 411 exosculari
346 362 639 416 simulacrum,
660 367 843 425 parentis
864 367 1020 410 violare
1038 366 1185 410 nidum
1207 364 1298 424 (60)
1317 400 1327 416 ‚
1350 369 1443 426 pie-

93 447 222 482 tatem
240 442 404 483 laedcre.
428 438 562 481 Simul
576 454 629 481 ne
646 439 867 496 quisquam
889 439 1060 481 inssctur
1074 472 1085 488 ‚
1110 439 1225 496 quod
1247 439 1326 481 sibi
1350 439 1444 496 jus-

97 517 163 551 tus
197 511 410 558 videatur,
447 509 577 551 aetatis
609 509 848 551 maturioris
884 524 1083 567 processu
1115 509 1330 557 Abraham
1362 510 1446 551 cir-

96 579 278 621 cumcidi
304 579 488 636 jubetur.
524 579 613 622 Nec
657 595 782 622 senex
808 595 905 637 ergo
927 581 1182 636 proselytus,
1207 595 1285 622 nec
1313 580 1447 622 infans

96 650 344 692 vernaculus
361 649 590 707 excipitur;
612 650 707 707 quia
725 650 861 692 omnis
883 658 980 692 aetas
996 657 1168 707 peccato
1186 650 1382 698 obnoxia,
1403 658 1445 692 et

96 718 190 760 ideo
207 719 341 762 omnis
357 727 455 762 aetas
474 727 737 762 sacramento
755 720 920 763 idonea.

154 787 329 832 LXXII.
349 807 364 828 «
384 789 437 832 Et
463 791 557 839 erit,
584 791 733 847 inquit,
762 799 1060 833 testamentum
1085 805 1228 832 mcum
1255 791 1297 832 in
1320 805 1446 833 carne

91 867 257 900 »vestra
274 858 286 880 ²
295 891 304 901 .
321 860 540 902 »Forsitan
552 861 759 903 referatur
769 862 851 904 hoc
862 864 970 910 loco,
991 863 1203 918 quomodo
1215 861 1444 918 spiritalem

93 928 195 970 dicis
229 929 593 973 circumcisionem
608 965 618 981 ,
645 947 743 974 cum
778 933 995 974 oraculum
1024 932 1134 973 (licat
1156 947 1164 972 :
1183 931 1303 972 «Erit
1325 939 1447 972 testa-

89 1015 105 1036 »
119 1007 310 1041 mentum
319 999 649 1042 circumcisionis
662 1002 703 1043 in
716 1017 841 1044 carne
850 1010 996 1043 vestra.
1013 1020 1027 1040 >1
1043 1000 1172 1052 Quasi
1186 1015 1283 1041 vero
1299 1000 1445 1041 animae

88 1069 240 1119 solius,
263 1078 304 1112 et
338 1085 422 1112 non
451 1072 693 1128 passionum
724 1063 911 1128 eorporis
941 1071 1128 1127 exigatur
1147 1070 1438 1125 temperantia.

86 1138 191 1181 Nam
210 1147 255 1181 et
275 1140 402 1189 visus,
423 1148 466 1181 et
488 1140 670 1189 auditus,
691 1149 733 1182 et
748 1140 904 1188 odoris,
924 1148 963 1182 et
984 1148 1144 1197 gustus,
1164 1147 1206 1181 et
1228 1146 1380 1187 tactus,
1402 1147 1444 1181 ct

84 1210 197 1251 vocis
227 1209 356 1267 ipsius
383 1211 583 1267 quaeritur
614 1213 806 1268 quaedam
842 1211 1111 1259 castimonia3
1146 1209 1241 1266 quia
1270 1218 1311 1250 et
1331 1210 1441 1251 visus

83 1280 308 1336 procacior
336 1280 466 1322 habet
489 1281 672 1330 crimen,
706 1290 747 1323 et
767 1281 861 1323 ideo
885 1281 1086 1337 scriptum
1113 1288 1176 1321 est
1199 1295 1208 1320 ε
1227 1297 1241 1317 «
1262 1279 1355 1322 Noli
1377 1280 1443 1320 in-

83 1350 287 1391 »tendere
302 1349 438 1392 fallaci
458 1351 642 1399 mulieri,
662 1366 802 1407 neque
819 1351 994 1408 capiaris
1011 1350 1158 1398 oculis,
1179 1364 1316 1406 neque
1334 1349 1441 1390 abri-

82 1419 235 1476 »piaris
254 1420 465 1477 palpebris
489 1419 519 1462 ².
542 1421 624 1462 »Et
646 1421 688 1462 in
711 1421 801 1478 ipso
823 1421 969 1463 auditu
990 1421 1150 1463 crimen
1171 1428 1233 1462 est
1256 1420 1288 1462 si
1314 1421 1440 1462 sedu-
1489 1441 1491 1443 ·

82 1498 150 1532 cat
175 1498 217 1532 te
238 1491 438 1532 meretrix
453 1524 463 1540 ,
488 1499 529 1533 et
545 1493 679 1533 multo
697 1492 986 1534 blandimento
1004 1490 1206 1533 sermonis
1224 1498 1265 1531 et
1281 1490 1440 1546 laqueis

81 1561 292 1603 labiorum
316 1575 491 1603 suorum
513 1569 553 1603 te
583 1561 733 1619 alliget.
761 1561 814 1603 Et
845 1562 887 1603 in
914 1562 1002 1618 ipso
1025 1569 1141 1603 tactu
1167 1560 1328 1602 crimen
1352 1569 1436 1608 est,

81 1629 175 1672 ideo
204 1631 281 1673 tibi
313 1631 467 1674 dicitur
487 1647 496 1672 :
513 1649 529 1669 (ι
556 1631 618 1674 Νο
646 1633 805 1674 multus
834 1631 962 1673 fueris
995 1632 1047 1673 ad
1073 1631 1275 1679 alienam,
1301 1645 1439 1686 neque

81 1719 96 1739 »
112 1701 371 1743 continueris
387 1702 650 1759 amplexibus
666 1717 753 1743 non
770 1710 887 1743 tuam
903 1701 932 1743 ³.
950 1701 1030 1743 »Et
1045 1701 1088 1743 in
1101 1715 1204 1742 voce
1216 1701 1339 1757 culpa
1356 1709 1434 1742 est.

78 1771 271 1828 Laqueus
297 1772 410 1814 enim
439 1772 691 1814 fortissimus
713 1781 776 1814 est
804 1772 965 1814 homini
992 1787 1064 1813 sua
1087 1771 1216 1819 labia,
1240 1778 1282 1811 et
1305 1770 1440 1812 ahda--

79 1842 188 1884 citur
212 1857 234 1884 a
260 1842 380 1885 labiis
414 1842 477 1884 sui
506 1843 599 1884 oris.
630 1843 682 1884 Et
703 1843 787 1884 mel
809 1843 944 1900 ipsum
965 1842 1051 1883 noli
1073 1842 1256 1882 multum
1288 1841 1433 1887 edere,

79 1927 132 1953 ne
162 1926 343 1954 evomas.
377 1911 557 1969 Oportet
582 1927 682 1969 ergo
713 1921 761 1954 ut
788 1913 978 1954 omnium
1008 1926 1206 1953 sensuum
1233 1918 1356 1952 acuta
1383 1909 1434 1951 sit

78 1982 336 2030 moderati03
361 1997 414 2023 ne
438 1990 509 2024 aut
530 1982 710 2040 impetus
734 1982 776 2024 in
799 1983 945 2024 vitium
963 1981 1099 2023 trahat
1114 2014 1123 2029 ‚
1152 1989 1222 2023 aut
1242 1980 1436 2022 nimietas

76 2052 216 2099 laedat,
245 2060 315 2094 aut
330 2066 449 2093 mora
466 2051 687 2094 offensioni
709 2052 774 2094 sit.

136 2122 377 2169 LXXXIII.
415 2122 509 2165 Non
541 2123 671 2165 otiose
700 2131 865 2170 autem,
894 2137 973 2164 nec
1004 2121 1214 2179 superflue
1244 2120 1437 2177 plerique

77 2193 158 2235 hoc
184 2192 257 2250 qui
270 2193 469 2250 'sequit-ur
489 2195 583 2235 loco
605 2194 765 2235 moveri
787 2193 993 2235 videntur.
1021 2193 1185 2249 Ecquid
1206 2192 1262 2234 ita
1285 2191 1436 2233 dixerit

76 2264 281 2307 Dominus
303 2280 345 2306 :.«
360 2265 572 2316 Quoniam
584 2264 654 2322 qui
672 2280 756 2306 non
770 2264 899 2306 suerit
911 2263 1184 2306 circumcisus
1200 2264 1429 2311 masculus,

77 2343 119 2377 et
139 2335 210 2391 qui
230 2350 316 2376 non
338 2335 650 2377 circumciderit
677 2350 846 2376 carnem
866 2334 1059 2391 praeputii
1082 2334 1145 2375 sui
1172 2341 1321 2374 octavo
1347 2332 1429 2381 (lie,

77 2404 296 2447 »interibit
328 2405 464 2447 anima
498 2405 567 2448 illa
595 2405 646 2447 de
677 2420 829 2463 genere
866 2417 966 2451 suo,·
999 2403 1096 2459 quia
1132 2410 1431 2445 testamentum

77 2490 257 2517 »meum
283 2475 507 2534 interrupit
529 2475 559 2518 ¹⁴.
599 2476 765 2519 »Grave
796 2475 909 2516 enim
940 2481 1113 2532 putatur
1140 2474 1254 2530 quod
1283 2471 1432 2514 infanti

77 2553 172 2588 octo
196 2545 360 2588 dierum
389 2546 640 2604 negligentia
660 2554 883 2604 parentum
904 2544 1039 2587 fraudi
1064 2552 1172 2586 esset
1191 2543 1349 2591 futura,
1374 2542 1430 2584 ita

123 2646 133 2662 ¹
159 2638 243 2674 Gen.
268 2650 350 2679 xvu,
371 2639 421 2674 15.
443 2658 483 2666 —-
503 2650 515 2665 ²
544 2640 638 2674 Prov.
665 2651 686 2674 v
702 2663 712 2680 ‚
741 2652 772 2675 2.
794 2659 834 2665 —
850 2638 970 2674 ³1bid.
993 2650 1042 2672 20.
1061 2657 1101 2666 —-
1123 2641 1136 2665 ⁴
1158 2640 1245 2672 Gen.
1262 2648 1355 2677 xvix,
1378 2638 1432 2676 ιά.
