1742 3233
355 287 438 336 436
895 302 925 329 s,
966 302 1156 329 Axxnnosu

346 379 599 426 moriuntur,
637 377 935 434 patrimonium
971 394 1092 419 suun]
1130 387 1379 421 testamento
1418 379 1699 421 transcribere

349 450 480 489 solent
491 466 501 496 3
542 463 619 489 nec
649 449 759 490 cedit
788 449 1007 490 haereditas
1028 481 1038 496 ,
1071 449 1204 489 donec
1236 449 1335 490 vivit
1355 456 1527 491 testator
1553 464 1561 490 :
1587 450 1700 491 Deus

348 526 487 558 autem
501 533 599 559 cum
616 519 668 563 sit
681 519 959 576 sempiternus
972 551 982 566 ,
1003 518 1256 559 transfundit
1271 517 1390 573 justis
1410 518 1558 559 ‹livinae
1574 518 1702 559 haere-

347 587 521 629 (litatem
547 589 811 636 substantiam
842 596 883 629 et
912 588 999 645 ipse
1028 603 1112 628 non
1143 587 1332 644 indigens
1361 588 1488 628 donat
1512 602 1586 629 sua
1612 587 1702 628 sine

346 659 431 697 ullo
456 657 689 698 donationis
711 657 931 714 dispendio
944 690 954 705 ,
980 672 1105 713 quem
1124 672 1208 698 non
1227 665 1400 714 gravant
1415 672 1587 698 suorum
1606 671 1704 698 con-

347 734 480 766 sortes
515 726 726 767 bonorum
752 761 764 773 ,
797 726 1012 782 magisque
1043 727 1196 767 fruitur
1231 741 1280 767 eo
1311 740 1393 782 quo
1421 740 1496 767 nos
1527 725 1698 766 utimur.

346 794 538 851 Denique
572 795 777 836 Dominus
813 795 934 836 Jesus
977 811 1134 852 pauper
1172 796 1305 837 factus
1342 803 1430 843 est,
1457 809 1555 836 cum
1591 795 1706 836 dives

349 872 478 912 esset,
512 872 560 904 ut
590 879 664 905 nos
692 864 802 906 illius
830 865 967 922 inopia
1007 865 1236 906 ditaremur
1260 880 1269 905 :
1297 864 1367 920 qui
1390 864 1707 906 Testamentum

347 942 575 990 utrumqne
607 950 680 975 suo
709 935 1015 976 consummavit
1049 935 1270 992 sanguine3
1309 943 1356 976 ut
1382 950 1458 976 nos
1493 935 1587 976 vitae
1623 949 1708 976 suae

347 1004 584 1045 cohaeredes
600 1037 610 1051 ‚
632 1013 674 1046 et
697 1005 842 1046 mortis
865 1004 1020 1047 faceret
1041 1005 1227 1047 haeredes
1242 1039 1252 1054 ,
1277 1020 1360 1061 quo
1387 1013 1429 1046 et
1450 1005 1547 1046 vitae
1573 1004 1709 1046 habe-

349 1089 491 1114 remus
519 1074 801 1122 consortium,
835 1083 876 1116 et
903 1075 1049 1117 mortis
1071 1074 1340 1116 beneficium.
1366 1075 1546 1116 Multum
1569 1082 1708 1115 autem

350 1144 497 1184 tribuit
517 1143 638 1185 Justo
654 1177 665 1192 ,
691 1144 869 1185 dicendo
891 1159 898 1185 :
926 1163 940 1182 «
959 1144 1149 1186 Statuam
1169 1153 1468 1187 testamentum
1488 1159 1634 1186 meum
1657 1145 1710 1186 ad

350 1222 442 1260 »te3
469 1232 483 1250 n
512 1228 561 1254 eo
591 1215 703 1268 qnod
730 1213 989 1255 rationabilis
1018 1223 1059 1255 et
1085 1213 1219 1256 fidelis
1248 1215 1310 1255 vir
1331 1215 1384 1256 sit
1413 1221 1711 1256 testamentum

349 1283 439 1324 Dei.
463 1283 557 1339 Ipse
573 1292 633 1324 est
656 1283 768 1323 enim
785 1283 1007 1324 haereditas
1022 1316 1033 1331 ,
1062 1284 1148 1340 ipse
1169 1286 1373 1340 possessio
1389 1317 1400 1333 ,
1422 1286 1465 1326 in
1480 1300 1563 1340 quo
1579 1285 1710 1326 virtus

353 1353 481 1395 dix-ini
503 1353 741 1394 testamenti
758 1362 844 1401 est,
871 1354 912 1394 in
935 1369 1017 1410 quo
1040 1353 1201 1395 fructus
1221 1354 1390 1410 judicii,
1416 1354 1458 1395 in
1480 1370 1562 1411 quo
1584 1354 1712 1396 haere-

354 1425 459 1465 ditas
479 1424 765 1481 promissionis
785 1455 796 1472 ,
822 1425 871 1464 de
896 1439 978 1479 quo
999 1423 1133 1465 David
1155 1424 1256 1465 dicit
1276 1440 1285 1465 :
1317 1443 1332 1462 «
1353 1424 1466 1465 Ecce
1487 1424 1710 1466 haereditas

353 1493 577 1541 »Domini,
609 1492 682 1534 filii
713 1508 876 1534 merces
904 1492 1064 1534 fructus
1101 1493 1296 1535 ventris¹.
1323 1512 1338 1532 >2
1364 1493 1449 1535 Sed
1474 1493 1564 1549 jam
1599 1494 1712 1535 salva

353 1563 609 1620 expositione
631 1562 912 1620 profundioris
933 1563 1121 1620 mysterii
1146 1566 1198 1606 ad
1229 1564 1388 1620 reliqua
1408 1578 1647 1620 pergamus.

358 1732 414 1743 nm
421 1731 479 1741 Qu
486 1731 602 1742 mssa*
608 1731 661 1741 xz*
671 1730 787 1740 *mmm-ss
793 1729 851 1740 ναῶ
857 1729 973 1740 mm
981 1729 1284 1742 mmxsuvstuw
1290 1729 1347 1741 νιὶ
1353 1729 1577 1742 vult-mmm
1591 1730 1712 1742 mm

899 1856 1075 1900 CAPUT
1105 1857 1179 1901 XI.

368 2016 715 2070 Virumjustum
730 2012 813 2055 sibi
828 2028 878 2054 ac
890 2013 978 2054 suis
999 2012 1133 2054 saluti
1150 2026 1261 2061 esse‚·
1284 2012 1380 2054 [ἶσοι
1392 2027 1715 2068 nonnunquam

423 2086 621 2128 studium
644 2083 867 2124 relaaeami
889 2082 1067 2138 obrepat
1084 2097 1221 2123 error.
1245 2081 1345 2124 Non
1363 2084 1716 2139 semper-justum

426 2171 509 2197 esse
521 2155 640 2210 apud
656 2154 801 2194 Deum
824 2154 1054 2208 qztijusttcs
1072 2153 1127 2192 sit
1145 2150 1265 2206 apud
1289 2152 1496 2194 homines.
1520 2152 1718 2207 Denique

424 2235 608 2266 ‘mentem
648 2224 762 2264 intel·
793 2223 1012 2278 passiones
1048 2221 1174 2275 quasi
1212 2221 1556 2278 patrisfamilias
1598 2220 1718 2263 obire

424 2310 447 2335 o
485 2295 630 2335 ceiam.

427 2439 629 2486 XXXVI,
649 2440 803 2493 «ilntra
821 2473 831 2488 ,
861 2439 1017 2496 inquit,
1046 2447 1090 2480 tu
1115 2447 1156 2480 rt
1177 2439 1312 2480 omnis
1330 2440 1478 2481 domus
1500 2446 1570 2481 tua
1591 2438 1632 2481 in
1650 2453 1719 2481 ar·-

369 2533 387 2556 »
402 2529 494 2556 cam
509 2530 518 2561 ;
534 2512 628 2568 quia
641 2519 681 2552 te
691 2511 775 2552 vidi
791 2511 952 2567 justum
974 2525 1115 2553 coram
1134 2509 1255 2553 mein
1271 2507 1667 2568 generationeista2.
1690 2527 1708 2551 n

412 2635 426 2659 ,ι
442 2625 528 2660 Psal.
545 2635 653 2665 cxxvi,
671 2624 702 2656 5.
719 2642 761 2649 -
775 2634 788 2650 2
807 2623 893 2657 Gen.
909 2633 955 2664 τι,
976 2623 1026 2658 ι8.
