1747 3260
555 257 844 286 REXAEMERON.
884 259 963 286 LIB.
1003 260 1047 287 11.
1429 268 1483 310 77

124 334 237 378 mina
266 335 380 376 velut
410 334 524 391 signa
547 332 723 382 habeat,
749 342 950 391 tanquam
985 336 1185 379 coelatum
1219 342 1481 397 appellatur:

123 405 233 448 sicut
256 413 474 462 argentum
492 404 605 460 quod
621 403 746 460 signis
763 405 1044 447 eminentibus
1062 407 1263 466 refulget,
1285 413 1484 455 coelatum

124 475 313 519 dicimus.
335 479 491 526 Οὐρανὸς
513 482 652 516 autem
669 479 741 515 ἀπὸ
762 482 824 515 τοῦ
841 480 985 529 ὸρᾷσται
1009 477 1177 527 dicitur,
1203 482 1318 536 quod
1340 481 1483 524 videa-

121 553 190 589 tur
210 545 270 604 (6)
280 577 364 588 .....
389 544 519 602 Igitur
536 552 657 585 terrae
670 577 681 593 ,
704 559 794 600 quae
813 545 1033 588 obscurior
1049 555 1112 589 est
1129 581 1139 597 ‚
1160 554 1300 603 οὐρανὸς
1320 567 1482 595 nuncu-

119 624 265 673 patur,
291 615 386 672 quia
413 615 577 657 lucidus
599 623 686 663 est,
718 623 917 671 tanquam
950 616 1137 659 visibilis.
1167 619 1285 661 [nde
1307 630 1408 677 puto
1441 632 1482 665 et

119 685 222 728 illud
237 685 399 726 dictum
422 700 430 725 :
449 684 667 727 «Volatilia
684 685 777 726 coeli
801 684 860 742 (7)
888 701 1054 744 semper
1078 687 1222 730 vident
1238 689 1389 732 facicm
1410 692 1483 734 Pa-

118 755 220 797 »tris
253 755 356 804 mei,
392 754 462 811 qui
493 754 534 795 in
561 754 676 796 coelis
709 763 795 803 est,·
820 763 890 797 »et
912 756 1159 800 :«Yolatilia
1196 760 1307 802 circa
1339 760 1483 804 firma-

119 834 339 868 »mcntum
363 824 478 866 coeli¹
498 841 509 872 ‚·
527 843 541 863 >2
570 841 619 866 co
651 827 763 882 quod
790 826 1049 877 potestates,
1086 844 1177 885 quae
1209 839 1307 873 sunt
1336 831 1378 873 in
1410 833 1479 874 illo

115 897 266 938 visibili
298 898 414 944 loco,
449 904 638 953 spectent
669 896 759 938 haec
788 897 951 946 omnia,
979 906 1021 940 et
1047 899 1239 955 subjecta
1276 901 1361 943 suis
1398 902 1477 943 ha-

115 965 244 1008 beant
267 966 574 1023 conspectibus.

174 1035 286 1079 XVI.
324 1036 513 1093 Denique
536 1037 726 1077 clausum
749 1037 904 1078 coelum
939 1037 1098 1080 dictum
1125 1047 1188 1081 est
1211 1042 1473 1098 temporibus

115 1106 214 1149 Eliae
237 1107 405 1163 quando
428 1107 470 1147 in
499 1105 646 1148 Achab
670 1114 711 1148 et
733 1105 906 1148 Jezabel
932 1106 1109 1164 perfidia
1132 1111 1355 1166 regnabat,
1381 1126 1478 1154 cum

114 1178 293 1235 populus
331 1177 458 1234 regali
491 1176 708 1233 sacrilegio
747 1177 1002 1226 deserviret,
1041 1193 1091 1219 eo
1125 1180 1239 1235 quod
1269 1195 1393 1222 nemo
1427 1183 1480 1224 ad

115 1249 269 1291 coelum
288 1249 433 1290 oculos
449 1248 657 1305 erigebat,
676 1262 801 1288 nemo
820 1248 912 1304 ejus
946 1257 1164 1291 auctorem
1181 1251 1475 1300 venerabatur,

114 1319 188 1359 sed
203 1318 312 1375 ligna
336 1326 377 1360 et
397 1318 553 1375 lapides
571 1317 814 1359 adorabant.
839 1319 956 1360 [nde
974 1318 1055 1360 hoc
1075 1319 1309 1376 colligimus
1326 1320 1343 1361 9
1365 1321 1476 1373 Quia

113 1396 157 1430 et
177 1388 219 1429 in
240 1387 611 1430 maledictionibus
631 1387 775 1444 populi
798 1387 925 1430 Isra‘el
949 1388 1052 1430 dixit
1087 1389 1198 1431 Deus
1221 1390 1364 1432 :«Erit
1401 1391 1475 1433 tibi

113 1477 129 1498 n
144 1461 298 1501 coelum
320 1475 444 1516 super
463 1466 590 1515 caput
613 1465 733 1499 tuum
754 1473 918 1499 aeneum
935 1490 945 1506 ,
970 1466 1012 1499 et
1034 1467 1142 1499 terra
1165 1467 1235 1500 tua
1254 1459 1433 1510 serrea2,
1449 1479 1464 1499 »

115 1531 282 1586 quando
318 1530 499 1587 pretium
525 1527 710 1586 perfidiae
745 1528 863 1570 luens
895 1529 1075 1585 populus
1111 1527 1381 1579 Judaeorum,
1408 1531 1476 1572 in·-

113 1600 316 1658 temperie
339 1600 431 1642 coeli
445 1632 454 1648 ‚
475 1607 516 1641 et
532 1607 652 1641 terrae
676 1597 992 1640 insoecunditate
1014 1600 1268 1648 mulctatum
1290 1602 1342 1642 de
1360 1603 1467 1643 coelo

111 1670 225 1713 enim
249 1685 372 1712 eausa
399 1669 634 1712 fertilitatis.
671 1668 862 1724 Denique
893 1677 935 1710 ct
963 1669 1124 1726 Moyses
1157 1670 1476 1713 benedictiones

111 1741 241 1791 tribui
255 1740 413 1798 Joseph
424 1756 444 1782 a
459 1739 612 1780 finibus
627 1738 720 1781 coeli
732 1747 772 1780 ct
785 1753 879 1780 rore
895 1739 1032 1795 abyssi
1047 1739 1224 1780 sontium
1241 1740 1474 1790 deorsum3,

114 1819 156 1855 et
192 1813 427 1854 secundum
464 1811 612 1853 horam
640 1827 661 1852 a
685 1810 782 1851 solis
819 1824 971 1858 cursu,
1006 1818 1048 1852 et
1081 1825 1101 1851 a
1127 1811 1476 1854 convenientibus

114 1882 353 1931 mensibus,
377 1889 417 1923 et
455 1896 475 1922 a
511 1881 668 1922 vertice
700 1880 907 1921 montium
943 1888 984 1921 et
1017 1881 1189 1922 collium
1220 1889 1476 1925 aeternorum

115 1953 252 2000 dedit,
277 1968 326 1994 eo
360 1953 471 2009 quod
492 1950 781 1992 moderatione
805 1950 962 1993 coelesti
991 1960 1199 1993 terrarum
1225 1953 1475 1996 soecunditas

112 2023 335 2065 nutriatur.
360 2022 561 2063 Ferreum
580 2036 680 2079 ergo
697 2021 851 2062 coelum
866 2053 876 2069 ,
897 2022 1011 2077 qnod
1028 2023 1191 2064 nullum
1217 2024 1372 2065 exudat
1397 2024 1469 2066 hu·

111 2107 292 2142 morem,
319 2094 486 2149 quando
503 2092 627 2134 nullis
644 2091 828 2133 nubibus
844 2091 980 2133 imber
1003 2093 1226 2149 rumpitur.
1252 2093 1326 2136 Est
1349 2095 1475 2138 etiam

111 2164 295 2207 ferreum
318 2165 471 2206 coelum
489 2164 775 2205 subobscurus
794 2166 880 2210 a'e'r,
903 2177 1072 2219 pressus
1096 2171 1223 2219 atque
1246 2164 1474 2208 nebulosus

113 2235 255 2276 colore
274 2234 510 2291 ferrugineo
525 2266 535 2281 ‚
562 2234 730 2290 quando
754 2233 890 2290 rigore
912 2232 1076 2289 frigoris
1100 2233 1318 2291 stringitur
1336 2243 1444 2277 terra
1461 2269 1472 2284 ,

113 2312 215 2347 tunc
236 2305 362 2347 veluti
381 2321 505 2363 super
524 2313 650 2362 caput
668 2312 858 2345 nostrum
874 2303 1029 2345 humor
1047 2319 1271 2361 suspensus
1289 2305 1471 2357 videtur,

111 2384 156 2418 et
178 2392 253 2434 per
275 2385 487 2418 momenta
521 2375 754 2417 imminere.
787 2373 1040 2430 Plerumque
1073 2373 1198 2414 etiam
1229 2375 1475 2432 glacialibus

112 2455 335 2488 ventorum
358 2446 526 2488 flatibus
549 2446 730 2503 rigentes
754 2460 870 2501 aquae
898 2443 1216 2486 consolidantur
1247 2445 1288 2487 in
1310 2447 1473 2498 nivem,

111 2522 154 2559 et
175 2523 298 2574 rupto
316 2520 410 2558 a‘e‘re
427 2516 496 2559 nix
517 2515 719 2557 funditur.
747 2514 893 2572 Neque
915 2513 1029 2556 enim
1053 2511 1368 2560 firmamentum
1391 2518 1473 2562 hoc

160 2618 170 2633 ¹
190 2608 275 2642 Gen.
293 2621 316 2651 ι,
335 2620 386 2643 20.
408 2627 446 2635 -
465 2616 475 2631 ²
497 2608 599 2643 Levit.
618 2619 706 2648 xxvi,
727 2619 774 2652 ¹9·
794 2625 833 2633 -—
851 2608 864 2631 ³
881 2608 980 2641 Dent.
998 2618 1116 2645 xxxin,
1135 2607 1182 2640 13.
