1742 3233
327 280 425 335 530,
791 323 794 326 ,
870 289 902 317 s,
943 286 1134 317 Aussnosn

328 371 579 423 delictorum
613 367 794 423 squallor
823 366 1070 408 tenebrosus
1106 364 1293 421 urgebat.
1324 362 1448 407 Venit
1473 364 1682 408 Dominus

326 440 350 482 J
355 456 464 488 esus,
486 437 665 480 redemit
685 435 886 494 sanguine
908 451 983 476 suo
999 433 1224 484 mundum,
1249 435 1386 475 lucem
1405 434 1553 476 attulit.
1573 452 1590 472 (ι
1603 433 1681 477 Ve-

328 517 510 550 »nerunt
535 515 674 549 autem
695 505 844 562 Angeli
867 507 949 547 duo
974 505 1013 545 in
1039 503 1264 545 Sodomam
1291 505 1343 545 ad
1368 518 1583 560 vesperam
1600 503 1629 546 ¹.
1651 521 1669 544 υ

329 579 407 621 [bi
438 578 567 635 gratia
598 576 812 633 largienda
839 584 925 624 est,
962 574 1150 616 Christus
1178 575 1321 615 adest:
1347 574 1419 616 ubi
1448 574 1682 618 exercenda

330 649 525 691 severitas
540 680 552 696 ,
577 647 650 688 soli
674 647 825 687 adsunt
846 645 1040 694 ministri,
1065 646 1182 686 deest
1197 644 1330 686 Jesus.

385 718 451 759 LI.
501 735 516 754 «
546 716 727 758 Sedebat
753 715 831 756 Lot
856 716 907 755 ad
932 723 1095 771 portam
1120 713 1150 755 ².
1189 733 1204 752 »
1242 714 1579 756 Emendaverant
1602 714 1686 757 Lot

330 796 523 830 sanctum
541 788 709 828 adversa
729 785 994 843 captivitati&
1016 793 1057 826 et
1078 785 1363 826 sollicitiorem
1378 784 1578 827 fecerant.
1607 785 1685 826 Ita-

331 874 411 914 que
435 873 634 915 processu
656 857 787 898 aetatis
819 855 1023 897 didicerat
1057 855 1207 896 imitari
1235 863 1465 911 parentem.
1497 855 1563 897 Ad
1586 870 1687 912 por-

329 937 415 971 tam
451 930 591 985 itaque
624 928 819 975 sedebat,
854 935 901 968 ut
934 926 1142 983 exciperet
1177 925 1455 967 advenientes.
1496 925 1689 981 Denique

342 1016 356 1036 «
377 991 597 1039 Exurrexit
623 998 788 1039 obviam
816 997 894 1038 illis
911 996 939 1038 ³.
971 1015 986 1034 »
1018 995 1246 1038 Persectior
1273 995 1462 1037 cucurrit
1484 995 1649 1037 obviam
1674 1010 1685 1036 ε

331 1068 429 1116 iste,
467 1086 481 1105 ι(
504 1068 749 1115 Exurrexst,
774 1075 815 1108 et
837 1067 1022 1108 adoravit
1050 1066 1091 1106 in
1120 1065 1268 1106 faciem
1294 1081 1421 1122 super
1436 1073 1594 1107 'terram
1611 1098 1622 1113 ,
1647 1072 1691 1107 et

332 1156 348 1175 >›
363 1137 484 1178 dixit:
505 1138 630 1186 Ecce,
652 1137 836 1184 Domini,
864 1136 1070 1178 declinate
1089 1136 1319 1177 indomum
1339 1135 1461 1192 pueri
1478 1134 1642 1177 vest1¹i⁶.
1662 1151 1679 1175 n

332 1207 383 1248 Et
408 1208 543 1263 coegit
565 1207 656 1248 illos
680 1207 908 1254 divertere,
929 1200 999 1262 qui
1023 1206 1244 1247 dicebant:
1277 1224 1292 1244 «
1320 1206 1366 1246 In
1389 1207 1524 1262 platea
1550 1219 1693 1246 mane-

333 1275 513 1318 »bimus
541 1295 556 1315 »
596 1276 928 1318 Connnendatur
955 1275 1023 1316 hic
1045 1275 1151 1316 Justi
1180 1275 1398 1322 sanctitas,
1433 1282 1474 1315 et
1508 1273 1693 1330 Angelo-

334 1361 428 1387 rum
449 1347 592 1403 gratia.
611 1347 672 1388 Illj
687 1347 883 1388 nolebant
904 1347 1132 1387 adventum
1150 1360 1272 1385 suum
1285 1343 1438 1400 hospiti
1456 1343 1694 1400 graviorem

334 1416 465 1458 videri
486 1432 494 1458 :
521 1418 590 1458 ille
615 1417 786 1473 quidem
814 1416 922 1457 inter
947 1431 1051 1472 quos
1079 1415 1312 1461 habitaret,
1336 1414 1524 1461 sciebat3
1553 1421 1696 1456 tamen

339 1487 511 1529 domum
533 1504 649 1530 suam
667 1488 871 1530 offerebat
888 1486 1100 1544 periculis,
1121 1487 1272 1542 quibus
1291 1485 1472 1526 auserret
1491 1484 1689 1540 hospites.

340 1558 461 1600 Certe
485 1575 566 1615 quo
583 1559 742 1600 tardius
759 1557 1099 1614 acquiescebant,
1121 1555 1275 1596 diutius
1293 1553 1508 1602 tentando,
1532 1553 1698 1610 plenius

341 1622 687 1688 conilirobabaut.

398 1701 483 1743 LII.
535 1718 550 1738 1(
569 1698 657 1741 Viri
671 1707 810 1740 autem
828 1696 1004 1739 civitatis
1022 1695 1301 1737 Sodomorum
1325 1695 1699 1735 circumdederunt

342 1791 357 1811 »
374 1772 545 1813 domuin
568 1771 617 1812 ab
641 1769 797 1810 infante
819 1782 950 1823 usque
973 1767 1023 1808 ad
1050 1780 1215 1813 senem,
1243 1772 1354 1805 totus
1377 1764 1556 1820 populus
1585 1762 1701 1819 pari—

345 1861 360 1881 »
378 1851 437 1884 ter
457 1841 486 1888 ²,
522 1860 538 1880 »
569 1839 835 1882 Praesiruitur
856 1836 1002 1893 judicii
1031 1835 1158 1877 divini
1180 1834 1350 1890 aequitas
1366 1866 1376 1881 ,
1403 1848 1456 1874 ne
1475 1831 1582 1874 forle
1606 1830 1702 1887 quis

348 1916 505 1958 (liceret
521 1929 529 1954 :
553 1906 692 1963 «Quid
713 1914 993 1968 peccaverunt
1014 1905 1149 1963 pueri,
1165 1913 1211 1946 ut
1227 1919 1372 1945 omnes
1388 1902 1549 1944 excidio
1568 1901 1705 1943 invol-

347 1982 583 2027 verentur?
605 2001 620 2020 »
648 1982 709 2022 Ita
738 1980 876 2020 nullus
910 1977 993 2018 illic
1016 1976 1151 2031 justus
1168 2007 1179 2022 ,
1212 1975 1351 2015 nullus
1384 1972 1585 2013 innocens
1607 1970 1698 2012 fuit.

350 2055 460 2099 Audi
483 2053 743 2110 Scriuturam
762 2047 1055 2090 testificantem
1079 2044 1175 2101 quil
1198 2062 1213 2081 «
1233 2043 1614 2085 Circumdederunt
1635 2041 1707 2082 do-

351 2142 499 2170 »mum
523 2125 586 2166 ab·
591 2122 746 2165 infante
763 2133 894 2175 usque
919 2116 1276 2163 adseuen1,10[us
1300 2114 1478 2171 populus
1495 2110 1695 2169 pariter.»

352 2200 473 2243 Nulla
495 2205 592 2238 ‘etas
610 2201 699 2236 erat
720 2193 828 2248 culp
820 2206 852 2231 e
870 2187 1085 2235 immunis,
1106 2185 1199 2226 ideo
1222 2183 1392 2226 nullus
1382 2181 1579 2224 unmunis
1593 2178 1708 2222 exitii

354 2268 442 2311 tuit.
466 2267 517 2310 Et
535 2281 604 2323 qul
593 2261 933 2322 possibilitatem
950 2273 1026 2315 pei
1030 2255 1219 2314 petraudi
1236 2248 1422 2296 miminis
1439 2268 1521 2296 non
1540 2250 1706 2299 habmt,

355 2339 503 2383 habuit
526 2336 736 2379 affectum.
757 2330 917 2373 Effoetae
937 2328 1044 2370 vires
1066 2342 1107 2368 5(
1114 2341 1229 2374 num,
1249 2326 1321 2367 sed
1333 2339 1452 2367 mens
1472 2324 1594 2381 plena
1610 2320 1718 2366 libi-

360 2406 723 2456 dinis.0sse1ehat
744 2409 912 2444 sanctus
942 2399 1019 2442 Lot
1046 2396 1151 2438 filiai
1145 2411 1226 2437 um
1249 2396 1468 2453 pudorem.
1503 2392 1608 2436 Nam
1632 2388 1720 2438 etsi

359 2483 429 2524 illa
459 2493 627 2537 quoque
653 2473 860 2532 flagitiosa
889 2469 1105 2526 impuritas
1126 2475 1246 2514 eiam
1283 2474 1422 2512 tamen
1451 2464 1589 2505 minus
1621 2467 1716 2509 erat·

363 2553 596 2599 secundum
617 2555 811 2590 naturam
834 2557 921 2584 con
924 2556 961 2589 e,
986 2553 1111 2596 quam
1135 2538 1211 2579 adi
1214 2551 1259 2577 el
1262 2550 1355 2577 sum
1364 2542 1493 2577 natm
1496 2549 1563 2576 am
1584 2531 1726 2591 delius

405 2656 416 2671 ¹
438 2624 1523 2681 Gen.xx,1.-2lbid.--³1bid.-41bid.2.-⁵1bid.5.
