1742 3233
297 231 380 287 392
843 245 872 271 s.
912 245 1101 273 Aunnosu

1712 224 1715 240 l

1713 276 1717 297 l

295 320 603 378 aliquo'polluti
626 328 721 361 sunt
749 320 999 362 delictorum
1024 322 1228 378 contagio.
1255 322 1305 363 Et
1323 324 1504 378 quodam
1522 325 1650 366 modo
1713 314 1718 380 3

295 393 457 433 diverso
486 406 637 448 genere
663 405 785 432 causa
811 392 1037 433 concurrit.
1068 391 1185 434 Sicut
1207 392 1318 433 enim
1342 392 1502 435 Levites
1529 409 1651 436 mun-
1715 382 1719 452 3

294 463 411 504 (lanis
433 461 715 518 voluptatibus
733 462 964 511 abdicatus,
991 463 1086 503 exul
1104 470 1164 503 est
1190 464 1321 519 culpae
1337 495 1346 511 ,
1367 463 1420 504 ita
1441 464 1653 521 sanguinis·

297 547 408 579 reus,
432 531 627 588 fugitivus
654 539 716 572 est
739 531 893 588 patriae.
925 531 1005 573 Sed
1024 531 1103 573 hoc
1124 532 1317 580 interest,
1343 534 1455 589 quod
1477 533 1553 575 iste
1575 549 1651 576 ne-
1717 534 1721 572 ἰ

297 602 487 643 cessitate
507 617 602 643 suos
621 602 773 643 deserit
788 610 958 658 propter
976 610 1134 643 metum
1151 602 1275 659 legis:
1297 602 1488 643 minister
1511 611 1651 645 autem
1718 589 1721 605 ἶ

294 672 372 714 Dei
405 672 685 713 humanarum
714 671 932 712 consortiis
954 671 1167 712 renuntiat
1197 671 1460 728 passionum,
1487 681 1527 714 et
1550 688 1654 729 qua-

301 741 397 781 dam
426 741 602 781 carnalis
632 741 838 781 illecebrae
874 757 916 782 se
948 742 1114 783 abdicat
1145 742 1450 782 necessitudine
1483 751 1654 800 propter

298 808 434 850 studia
456 809 635 850 virtutis.
668 808 803 850 Etiam
828 810 932 850 illud
954 825 1037 850 non
1061 811 1259 852 abhorret
1281 826 1301 851 a
1329 825 1427 851 vere
1444 843 1453 858 ,
1478 812 1591 866 quod
1614 819 1656 852 et

298 879 374 920 iste
397 880 509 920 velut
535 880 734 935 quasdam
759 879 800 919 in
826 895 869 920 se
895 894 1044 920 manus
1068 879 1197 935 injicit
1222 896 1233 927 ‚-
1259 887 1302 920 ut
1332 878 1555 921 interficiat
1582 895 1657 922 vo·-

297 950 478 1004 luptates
511 948 574 989 sui
608 948 820 1004 corporis,
851 956 891 989 et
923 950 1148 1004 quemdam
1178 936 1261 989 suze
1295 949 1430 989 carnis
1459 957 1657 1005 operetur

298 1018 526 1059 Interitum.
559 1017 773 1059 Interfecit
803 1032 953 1074 nempe
977 1018 1140 1074 Moyses
1167 1018 1435 1075 AEgyptium,
1464 1027 1505 1059 et
1534 1018 1658 1076 fugax

299 1086 434 1128 sactus
461 1095 522 1128 est
545 1088 596 1128 de
614 1095 721 1128 terra
745 1087 930 1143 :EQ-pti,
951 1095 997 1128 ut
1019 1088 1247 1129 declinaret
1269 1088 1359 1144 ejus
1376 1096 1497 1130 terrae
1520 1097 1660 1146 tyran-

298 1171 415 1198 num.
448 1157 532 1198 Sed
561 1172 645 1197 non
678 1165 772 1198 ante
795 1157 911 1197 illum
945 1157 1220 1198 interfecisset
1248 1157 1491 1214 :Egyptium
1520 1158 1659 1198 homi—

298 1242 419 1274 nem,
441 1226 518 1267 nisi
546 1226 660 1282 prius
681 1226 722 1266 in
745 1242 786 1267 se
813 1226 1008 1281 nequitiae
1031 1226 1224 1282 spiritalis
1241 1227 1484 1284 AEgyptiurn
1511 1227 1661 1268 intere-

298 1296 469 1343 misset,
496 1303 538 1336 et
568 1295 799 1337 abdicasset
831 1311 873 1337 se
898 1296 1099 1353 regalium
1129 1297 1230 1337 luxu
1259 1296 1469 1337 honorum
1486 1329 1496 1344 ,
1522 1296 1660 1352 majus

300 1364 604 1421 patrimonium
646 1365 855 1406 :estimans
910 1366 1114 1407 thesauris
1166 1365 1332 1423 JEgypti
1387 1365 1661 1423 opprobrium

306 1434 476 1476 Christi.
505 1435 632 1485 Quod
658 1435 794 1476 stultis
821 1435 991 1490 quidem
1013 1435 1176 1476 videtur
1206 1435 1479 1492 opprobrium
1502 1450 1510 1476 :
1542 1434 1662 1476 nobis

307 1513 448 1546 autem
486 1505 589 1546 illud
615 1504 890 1562 opprobrium
921 1504 1140 1546 dominica:
1172 1505 1308 1546 crucis
1334 1503 1573 1557 virtusssDei
1601 1511 1663 1545 est

308 1583 433 1630 atque
457 1574 670 1631 sapientia.

360 1643 452 1685 XV.
492 1642 668 1685 Accedit
692 1659 765 1691 eo,
791 1645 905 1699 quod
929 1645 1011 1687 duo
1027 1645 1218 1700 quzedam
1243 1643 1284 1684 in
1305 1644 1394 1685 Deo
1416 1643 1664 1701 principalia

309 1722 407 1756 sunt
429 1728 580 1771 genera
601 1713 825 1762 virtutum,
851 1728 983 1755 unum
1006 1729 1088 1770 quo
1113 1713 1308 1762 remittit,
1335 1713 1446 1756 aliud
1466 1729 1548 1770 quo
1572 1713 1665 1754 vin-
1734 1721 1738 1762 t

311 1785 435 1827 dicat.
455 1784 742 1827 Remittuntur
763 1793 934 1842 peccata
950 1801 1025 1842 per
1043 1784 1120 1827 Dei
1137 1785 1311 1827 verbum
1325 1817 1334 1832 ,
1358 1784 1479 1841 cujus
1503 1783 1665 1825 Levites
1736 1829 1739 1840 Ι

309 1855 516 1912 interpres
538 1862 580 1896 et
600 1855 773 1911 quidam
801 1863 1000 1896 executor
1026 1863 1115 1897 est:
1143 1854 1415 1897 remittuntur
1439 1853 1565 1895 etiam
1591 1868 1668 1910 per
1736 1841 1740 1913 3

309 1923 495 1966 officium
525 1924 774 1973 sacerdotis,
811 1939 1062 1981 sacrumque
1092 1924 1402 1966 ministerium:
1431 1923 1670 1981 puniuntur
1736 1922 1742 1955 ἶ

307 2009 475 2050 quoque
498 2009 573 2051 per
593 1993 810 2043 homines,
837 1994 945 2036 sicut
973 2010 1048 2051 per
1074 1993 1257 2051 judices,
1284 1994 1354 2050 qui
1382 2001 1586 2051 potestate
1615 1993 1667 2035 ad

307 2071 474 2120 tempus
491 2070 683 2112 utuntur,
704 2063 812 2105 sicut
828 2063 1051 2120 Apostolus
1070 2065 1195 2106 docet
1212 2064 1355 2105 dicens
1373 2079 1382 2104 ε
1410 2062 1509 2105 «Vis
1525 2069 1666 2107 autem

309 2150 326 2171 ι)
341 2147 425 2173 non
447 2133 595 2173 timere
622 2133 904 2190 potestatem?
927 2134 1092 2176 Bonum
1115 2134 1200 2182 sac,
1232 2142 1274 2175 et
1297 2132 1470 2175 habebis
1498 2134 1667 2177 laudem

311 2218 395 2244 »ex
419 2202 487 2244 illa
507 2219 518 2251 ;
541 2203 617 2245 Dei
650 2203 763 2244 enim
786 2203 984 2257 minister
1006 2212 1067 2245 est
1095 2202 1166 2245 tihi
1191 2203 1233 2244 in
1254 2203 1426 2244 honum.
1459 2201 1500 2243 Si
1525 2210 1666 2243 autem

309 2292 326 2312 a>
339 2275 498 2315 malum
520 2273 689 2323 feceris,
721 2274 834 2317 time.
863 2274 954 2317 Non
978 2274 1089 2316 enim
1114 2274 1200 2317 sine
1223 2289 1344 2315 causa
1368 2273 1550 2331 gladium
1570 2287 1666 2331 por-

310 2352 427 2390 »tat3
453 2343 529 2385 Dei
552 2343 663 2384 enim
686 2343 876 2385 minister
898 2352 985 2393 est,
1008 2343 1159 2385 vindex
1177 2344 1215 2384 in
1234 2343 1336 2385 iram
1359 2343 1396 2384 ci
1414 2341 1484 2399 qui
1507 2343 1665 2383 malum

309 2413 423 2471 »agit
444 2412 474 2455 ¹.
502 2431 517 2451 »
548 2413 786 2455 Puniuntur
810 2422 981 2470 peccata
1005 2414 1131 2455 etiam
1157 2430 1232 2471 per
1254 2414 1451 2471 populos,
1476 2412 1583 2453 sicut
1605 2413 1667 2453 le-

310 2482 445 2540 gimus
462 2481 475 2504 ²
498 2499 510 2531 3
535 2483 628 2539 quia
653 2499 760 2541 saepe
784 2483 834 2524 ab
853 2483 1091 2541 alienigenis
1111 2484 1186 2525 Dei
1209 2483 1325 2540 jussu
1342 2480 1529 2524 excitatis
1546 2495 1669 2538 prop·

350 2583 360 2598 ¹
384 2575 475 2607 Rom.
492 2586 567 2616 xm,
587 2575 619 2616 3,
637 2575 670 2614 4.
687 2594 725 2601 --
750 2586 762 2600 ²
783 2575 859 2609 Isa'i.
880 2586 955 2613 xu1,
977 2572 1098 2619 17,”ι8.
