1742 3233
269 238 317 281 31
328 241 355 289 4
813 259 842 286 5.
883 258 1073 288 1111130511

262 332 403 374 nullus
424 331 614 386 inventus
636 342 698 376 est
720 336 849 377 menti
868 345 1019 378 nostrae
1036 335 1179 377 similis
1202 333 1395 391 adjutor,
1420 335 1498 377 nisi
1521 327 1618 378 sen-⁴

265 415 348 449 sus,
371 400 452 443 hoc
469 410 546 451 est,
565 409 736 456 ἅισθησις.
763 404 950 447 Similem
973 406 1049 447 sibi
1072 406 1203 447 solam
1223 415 1300 455 νοῦς
1322 412 1465 446 noster
1482 403 1618 463 potuit

266 469 462 513 invenire.

322 540 406 581 LII.
446 540 529 583 Sed
545 542 652 585 sorte
670 559 831 602 arguas,
858 546 952 602 quia
974 547 1062 587 hrec
1081 560 1248 602 quoque
1268 545 1379 587 Deus
1396 543 1439 586 in
1460 544 1531 586 tali
1544 559 1620 603 pa-

267 609 403 651 radiso
425 612 600 660 locavit,
628 613 708 655 hoc
740 623 825 672 est,
849 617 1060 673 passiones
1088 616 1297 672 corporis,
1325 623 1367 657 et
1394 614 1621 656 vanitatem

269 682 493 733 quamdam
520 682 816 725 fluctuantium
839 688 904 728 vel
934 686 1121 727 inanium
1153 685 1477 742 cogitationum,
1508 685 1623 741 quod

270 746 355 803 ipse
381 750 511 790 nostri
544 751 668 793 suerit
702 762 848 795 auctor
883 756 1046 797 erroris.
1086 755 1312 796 Considera
1342 754 1443 810 quid
1479 754 1620 795 dicat:

279 834 295 854 <t
318 817 500 868 Habete,
520 821 676 877 inquit,
701 832 949 880 potestatem
970 825 1148 881 piscium
1166 824 1312 872 maris,
1336 832 1377 865 et
1393 823 1622 865 volatilium

269 903 284 924 »
300 888 409 936 coeli,
427 898 469 930 et
486 892 673 933 omnium
695 894 932 950 repentium
949 910 1040 950 quae
1060 903 1213 951 repunt
1235 909 1359 951 super
1376 901 1532 935 terram
1547 892 1579 935 ¹.
1597 911 1612 932 »

267 954 390 998 Vides
419 961 532 1014 quod
558 961 625 1002 ille
652 962 727 1004 tibi
758 963 950 1006 tribuerit
974 972 1246 1021 potestatem3
1274 971 1320 1003 ut
1349 964 1401 1004 de
1428 962 1623 1003 omnibus

267 1024 455 1081 judicare
483 1038 528 1070 tu
555 1031 731 1082 debeas,
762 1035 1021 1091 singulorum
1047 1049 1196 1091 genera
1226 1032 1372 1089 judieii
1400 1032 1459 1073 tui
1487 1031 1624 1073 sobria

269 1095 509 1141 definitione
534 1101 785 1145 discernere.
814 1104 991 1146 Vocavit
1013 1105 1065 1146 ad
1086 1113 1127 1145 te
1154 1103 1293 1145 onmia
1316 1103 1428 1144 Deus
1447 1119 1458 1150 3
1482 1109 1530 1143 ut
1553 1117 1625 1143 su-

266 1179 341 1222 pra
365 1168 503 1210 omnia
527 1180 711 1213 mentem
744 1182 857 1214 tuam
880 1190 969 1215 esse
1001 1173 1286 1231 cognosceres.
1324 1171 1409 1213 Cur
1432 1187 1524 1228 quae
1550 1171 1625 1212 tibi

269 1236 417 1278 similia
440 1240 612 1283 minime
626 1244 832 1300 reperisti,
854 1245 1056 1285 asciscere
1074 1244 1146 1285 tibi
1163 1252 1203 1285 et
1220 1244 1417 1300 copulare
1436 1241 1628 1284 voluisti?

268 1306 392 1348 Dedit
415 1308 491 1349 tibi
520 1319 632 1352 certe
657 1328 824 1354 sensum
853 1328 936 1369 quo
961 1314 1153 1354 universa
1182 1326 1454 1369 cognosceres
1472 1342 1482 1359 ,
1511 1317 1552 1351 et
1574 1312 1627 1352 de

267 1376 442 1433 cognitis
472 1378 718 1434 judicares3
753 1383 989 1439 meritoque
1021 1385 1073 1424 de
1114 1383 1182 1424 illo
1219 1381 1416 1423 foecundo
1446 1379 1626 1437 paradisi

269 1462 366 1504 agro
404 1448 563 1504 ejectus
600 1466 668 1499 05,
707 1452 804 1508 quia
839 1469 923 1494 non
957 1453 1131 1510 potuisti
1164 1467 1328 1494 servare
1363 1452 1620 1492 mandatum.

269 1516 436 1560 Sciebat
462 1521 573 1561 enim
597 1522 708 1563 Deus
734 1538 821 1564 esso
845 1532 884 1564 te
906 1523 1118 1580 fragilem,
1146 1523 1306 1564 sciehat
1326 1520 1516 1579 judicare
1542 1536 1628 1561 non

264 1601 412 1644 posse3
438 1589 530 1631 ideo
555 1592 657 1633 dixit
677 1594 792 1649 quasi
815 1593 1118 1650 fragilioribus:
1150 1611 1165 1632 «
1189 1593 1327 1635 Nolite
1350 1591 1556 1648 judicare,
1581 1598 1629 1632 ut

268 1675 282 1695 >›
297 1672 380 1698 non
396 1658 643 1715 judicemini
665 1661 695 1703 ².
719 1681 733 1701 »
767 1663 876 1720 Ergo
900 1664 995 1720 quia
1019 1663 1138 1705 scivit
1162 1662 1379 1704 infirmum
1401 1669 1443 1703 te
1463 1676 1553 1702 esse
1576 1661 1629 1702 ad

263 1724 561 1782 judicandum,
591 1731 722 1773 voluit
745 1733 1012 1774 obedientem
1038 1748 1127 1774 esse
1154 1733 1377 1779 mandat03
1402 1731 1495 1771 ideo
1519 1744 1628 1786 prae—

268 1806 438 1854 ceptum
452 1800 602 1856 posuit.
628 1801 755 1852 Quod
777 1802 809 1843 si
832 1818 917 1843 non
940 1802 1235 1859 praevaricatus
1252 1816 1379 1848 esses,
1395 1799 1632 1857 periculum

271 1867 418 1909 incerti
441 1868 588 1924 judicii
610 1869 801 1912 incidere
823 1873 1095 1928 nequivisses.
1131 1872 1276 1928 Itaque
1302 1869 1500 1927 quoniam
1528 1868 1636 1926 judi-

270 1951 365 1978 care
393 1937 582 1987 voluisti,
608 1939 700 1980 ideo
724 1941 912 1983 addidit:
945 1960 959 1980 «
983 1942 1093 1983 Ecce
1115 1941 1252 1983 Adam
1281 1940 1417 1982 sactus
1444 1946 1508 1980 est
1534 1944 1636 1980 tan-

271 2021 427 2062 »quam
459 2024 569 2050 unus
597 2024 653 2050 ex
695 2011 844 2060 nobis,
888 2020 933 2054 ut
964 2012 1066 2053 sciat
1094 2012 1257 2053 bonum
1289 2018 1331 2052 et
1361 2010 1521 2051 malum
1545 2006 1575 2050 ³.
1608 2025 1625 2047 »

272 2078 447 2121 Voluisti
470 2078 546 2121 tibi
567 2095 761 2138 arrogare
781 2081 987 2138 judicium
1001 2115 1011 2131 ‚
1035 2082 1129 2125 ideo
1156 2096 1325 2139 poeuam
1346 2080 1464 2138 pravi
1485 2078 1635 2136 judicii

273 2148 454 2190 refutare
474 2164 561 2191 11011
583 2151 723 2193 debes.
749 2152 894 2194 Posuit
911 2161 1050 2194 tamen
1068 2161 1108 2194 te
1133 2160 1280 2194 contra
1301 2150 1566 2208 paradisum,
1584 2163 1639 2190 ne

273 2218 523 2261 memoriam
544 2219 635 2276 ejus
651 2221 784 2279 possis
813 2223 994 2281 abolere.

330 2288 453 2330 LIIL'
473 2289 664 2346 Denique
685 2291 785 2347 justi
803 2292 844 2334 in
867 2293 1107 2350 paradisum
1130 2307 1238 2350 saepe
1260 2291 1508 2349 rapiuntur,
1533 2289 1641 2332 sicut

274 2366 316 2401 et
334 2358 487 2401 Paulus
514 2368 655 2417 raptus
679 2370 741 2404 est
757 2362 800 2403 in
818 2362 1080 2420 paradisum,
1104 2371 1146 2404 et
1164 2361 1320 2404 audivit
1339 2360 1467 2403 verba
1488 2357 1641 2401 ineffa-

276 2426 387 2470 bilia.
422 2428 476 2470 Et
497 2437 544 2471 tu
567 2429 599 2471 si
630 2446 651 2472 a
678 2432 815 2489 primo
842 2434 948 2475 coelo
976 2434 1028 2474 ad
1051 2433 1309 2480 secundum,
1336 2446 1359 2473 a
1383 2429 1567 2472 secundo
1590 2428 1643 2469 ad

279 2496 448 2540 tertium
471 2499 623 2543 mentis
645 2508 727 2544 tuae
742 2501 884 2561 vigore
903 2502 1097 2561 rapiaris,
1121 2503 1203 2544 hoc
1225 2509 1302 2550 est,
1318 2501 1432 2558 quod
1452 2498 1638 2558 primum

324 2600 333 2614 ¹
350 2590 436 2624 Gen.
453 2602 476 2628 1,
495 2591 544 2624 28.
559 2609 599 2616 -
615 2602 628 2617 2
647 2591 765 2625 Matth.
786 2603 841 2627 vn,
862 2601 887 2625 1.
904 2611 946 2619 —-
968 2594 982 2616 ³
1001 2593 1093 2626 Gen.
1113 2604 1164 2631 111,
1183 2603 1234 2625 22.
