1742 3233
525 302 863 331 ANNoTATmNES.
1294 288 1375 330 631

25 382 235 424 Caeterum
263 379 344 421 dici
367 362 494 420 etigm
514 387 651 436 potest
673 378 713 420 S.
741 378 971 421 Doctorem
996 379 1188 422 adulterii
1208 378 1380 420 nomine

25 452 129 495 nihil
165 452 277 493 aliud
312 450 561 492 intellexisse
599 464 724 506 quam
755 451 1056 507 polygamiaim
1090 465 1222 507 caque
1257 465 1382 492 usum

0 564 1 570 ,
25 522 142 565 verbi
178 522 351 569 duritie,
385 529 432 561 ut
460 519 671 562 efficacius
707 520 1034 563 catechumenos
1069 521 1319 562 absterreret
1358 536 1380 562 a

0 634 1 638 ,
25 593 240 652 pellicatu.
269 591 356 634 Nec
378 606 476 633 vero
497 591 653 633 mirum
673 590 706 632 si
726 592 850 648 paulo
875 590 1161 632 vehementior
1182 590 1261 632 hac
1279 590 1320 631 in
1336 604 1382 632 re

0 671 1 697 ἒ
25 664 153 717 fuerit
167 661 414 705 Ambrosius
429 694 440 710 ,
467 662 634 718 quando
657 661 708 703 de
730 661 861 703 tertiis
882 661 1038 719 nuptiis
1059 675 1161 717 quas
1178 660 1316 702 divina
1333 675 1381 702 ac

28 732 207 775 naturali
229 733 320 790 lege
343 746 559 789 nunquam
582 746 667 772 non
683 731 816 772 licitas
834 731 959 773 fuisse
977 738 1161 779 constat,
1180 729 1378 778 Basilius,

0 846 1 851 ,
29 803 103 860 Ep.
133 819 170 851 1,
191 804 243 844 ad
260 794 433 859 Amph„
453 817 487 843 c.
513 817 568 850 IV,
589 801 736 843 dixerit
753 817 821 844 eas
837 802 1140 859 polygamiam
1158 799 1374 857 appellari,

29 875 94 915 vel
116 873 254 931 potius
278 872 908 929 castigatamfor‘nicationem.
930 873 1022 930 Ipse
1039 886 1206 929 quoque
1226 870 1386 912 Tertul-

28 945 189 992 lianus,
221 942 294 984 lib.
323 942 374 984 de
395 940 582 998 Monog„
608 956 643 983 e.
672 957 725 983 Π.
752 942 981 984 Abrahami
1007 940 1286 1000 polygamiam
1314 941 1388 981 ‹le-

32 1013 231 1060 sendens,
261 1026 353 1052 eam
384 1020 524 1054 tamen
545 1012 722 1053 ancille&
745 1012 1089 1068 concubinatum
1120 1019 1242 1053 vocat
1269 1026 1278 1051 ε
1304 1025 1387 1066 quo

33 1083 159 1124 ctiam
177 1097 298 1124 sensu
313 1082 398 1123 Leo
415 1082 603 1139 Magnus,
623 1081 698 1139 Ep.
724 1084 775 1124 ad
789 1083 907 1125 Rust.
920 1115 930 1131 ,
950 1097 984 1124 c.
1010 1097 1062 1124 lv.
1085 1081 1196 1138 Agar
1210 1079 1390 1122 Abrahae

34 1153 316 1201 concubinam
351 1152 472 1200 dicit,
495 1152 547 1198 ,id
583 1161 645 1194 cst
660 1186 671 1202 ,
706 1152 997 1194 secundarIam
1024 1166 1209 1193 uxorem.
1249 1149 1387 1201 Quin-

35 1224 119 1265 imo
155 1223 290 1264 Judaei
322 1221 558 1279 Josephus,
582 1223 653 1265 lib.
682 1239 719 1271 1,
746 1223 907 1279 Antiq„
942 1238 977 1264 c.
1009 1237 1078 1263 ΧΠ
1110 1229 1151 1262 ct
1180 1235 1307 1268 xvm,
1341 1234 1388 1260 ac

34 1295 153 1337 Philo
165 1294 237 1335 lib.
254 1294 382 1346 Quod
405 1294 520 1334 Deus
535 1294 590 1334 sit
612 1295 785 1334 immac.
809 1293 908 1334 licet
926 1292 1263 1334 Patriarcharum
1286 1304 1380 1331 suo—

36 1356 131 1406 run']
148 1364 306 1420 ubique
328 1363 708 1411 observantissimi,
732 1377 817 1404 non
834 1363 913 1404 alio
934 1371 1076 1404 tamen
1095 1362 1222 1403 modo
1247 1361 1391 1417 appel-

36 1437 125 1478 lant
147 1435 413 1477 secundarius
436 1449 583 1475 eorum
605 1449 754 1475 uxores
773 1449 898 1489 quam
917 1432 1198 1479 concubinas,
1222 1439 1263 1472 et
1287 1429 1392 1471 filios

38 1523 89 1548 cx
106 1505 184 1548 illis
206 1513 448 1563 procreatos
463 1538 473 1553 ,
497 1510 623 1561 quam
647 1504 797 1546 nothos
821 1519 869 1545 ac
891 1503 1127 1561 illegitimos
1141 1534 1152 1550 ‚
1173 1502 1286 1558 quod
1306 1514 1391 1541 non

39 1579 173 1618 multo
200 1576 331 1618 levius
354 1592 441 1618 csse
465 1575 700 1633 putaveris,
726 1589 852 1632 quam
876 1574 1016 1616 diccre
1037 1572 1281 1630 hujusmodi
1298 1586 1395 1613 con-

39 1647 201 1705 jugium
226 1647 479 1690 adulterium
509 1662 600 1688 esse
633 1646 748 1701 quod
776 1645 975 1687 nondum
1007 1643 1296 1686 interdictum
1324 1643 1396 1684 υἰ-

42 1717 240 1759 debatur.

399 1838 642 1866 ANNOTATIO
678 1822 767 1879 (38)
803 1837 896 1880 pag.
938 1821 1036 1862 521.

102 1980 237 2021 Docet
259 1978 434 2036 Vulgata
461 1990 618 2019 nomen
639 1976 780 2018 uxoris
802 1974 982 2018 Abrahae
1011 1974 1068 2016 ita
1091 1980 1301 2015 mutatum
1319 2005 1330 2020 ,
1355 1980 1400 2014 ut

46 2065 94 2091 ex
111 2047 227 2090 Sarai'
244 2056 389 2090 vocata
408 2047 532 2091 §uerit
549 2046 662 2089 Sara.
685 2046 806 2089 LXX
822 2061 920 2088 vero
936 2045 1193 2101 Interpretes
1209 2058 1260 2084 cx
1280 2042 1399 2091 Sara,

47 2135 129 2176 quo
151 2119 320 2160 nomine
340 2119 455 2176 prius
481 2117 830 2175 nuncupabatur,
850 2117 1018 2159 sarram
1041 2114 1304 2175 nomi-natam
1324 2122 1404 2155 tra-

49 2191 154 2231 dunt
166 2222 177 2237 ,
197 2189 348 2246 quibus
365 2188 640 2246 manuscripti
658 2188 928 2230 concinentes
944 2186 1024 2228 hoc
1040 2201 1198 2228 nomen
1213 2184 1301 2227 sere
1317 2199 1403 2227 non

51 2260 168 2302 aliter
190 2260 634 2317 Scriptum-exhibent.

411 2421 652 2450 AxNo'rsrlo
689 2406 778 2465 (39)
815 2421 907 2464 pag.
948 2404 1047 2446 523.

115 2560 177 2602 {bi
204 2560 382 2618 ellipsim
405 2561 545 2609 verbi,
572 2560 760 2606 coneris,
786 2560 851 2600 vel
875 2556 1040 2598 alterius
1062 2555 1326 2613 hujusmodi,
1345 2557 1411 2598 vcl

60 2631 166 2673 forte
182 2632 308 2674 etiam
331 2631 598 2674 librariorum
620 2638 842 2688 peccatum
861 2644 950 2671 esse
973 2627 1199 2670 dicendum
1222 2634 1296 2669 est.
