1742 3233
454 422 504 447 m:
539 420 743 448 ABRAHAM.
784 421 861 449 Lm.
903 424 928 449 ι.
1283 409 1362 451 515

19 495 257 554 Propositus
273 503 336 537 est
356 495 468 538 enim
491 497 543 539 ad
564 498 813 540 imitandum
834 498 932 556 tibi,
959 509 1006 542 ut
1028 510 1069 542 et
1092 509 1137 542 tu
1160 491 1366 551 advertam

21 569 134 624 quod
163 567 202 616 si,
223 566 405 623 peccatis
425 568 664 618 renunties,
695 569 824 626 possis
847 571 1023 612 emereri
1049 571 1219 613 Domini
1244 571 1348 613 mise

21 638 256 679 ricordiam.
683 694 687 700 1
1020 639 1024 641 ’
1190 644 1191 647 ’

76 707 236 750 ΧΧΙΙΙ.
272 705 439 749 Movere
467 715 608 750 tamen
637 708 796 765 aliquos
824 718 986 767 potest,
1019 710 1132 767 quod
1159 710 1245 767 jam
1273 725 1371 752 cum

19 778 108 819 Deo
131 776 403 833 loquebatur,
426 785 468 818 et
495 778 546 819 ad
577 778 771 821 ancillam
794 779 979 821 introivit
997 812 1008 829 ‚
1035 780 1143 821 sicut
1170 779 1373 836 seriptum

22 855 84 888 est
104 861 113 888 :
140 864 155 884 «
177 845 286 898 Quia
309 845 411 888 dixit
433 845 533 888 Sara
560 849 611 889 ad
636 848 794 891 Abram
812 864 821 890 τ
841 849 952 892 Ecce
974 849 1180 891 conclusit
1201 865 1269 891 me
1288 850 1376 892 Do—

22 935 38 955 »
51 916 206 962 minus,
229 923 276 956 ut
296 931 380 956 non
404 916 564 972 pariam
588 917 725 963 :intra
749 933 847 976 ergo
872 920 923 960 ad
944 918 1136 961 ancillam
1156 933 1311 966 meam,
1331 926 1377 959 ut

24 985 159 1028 »filios
179 985 305 1027 facias
326 984 494 1045 exilla¹.
514 1004 529 1024 ))
546 986 665 1027 Etita
676 987 833 1028 sactum
851 996 925 1029 est.
943 986 1026 1029 Sed
1037 988 1349 1029 consideremus
1364 1020 1376 1036 ,

23 1056 206 1114 primum
230 1055 325 1111 quia
347 1055 561 1097 Abraham
583 1064 677 1097 ante
701 1058 835 1114 legem
858 1051 1035 1113 Moysis,
1059 1066 1101 1098 et
1125 1066 1219 1098 ante
1241 1058 1379 1098 Evan-

23 1125 177 1183 g'elium
186 1125 263 1166 fuit
276 1123 486 1166 :'nondum
496 1125 766 1167 interdictum
776 1126 1029 1167 adulterium.
1037 1125 1308 1181 videbatur&
1314 1128 1356 1184 7)
1366 1159 1374 1168 .

21 1196 147 1238 Poena
169 1195 353 1237 criminis
370 1211 421 1237 ex
443 1203 633 1252 tempore
651 1196 751 1252 legis
774 1204 851 1244 est,
877 1211 968 1252 quae
990 1195 1152 1237 crimen
1168 1196 1375 1238 inhibuit:

23 1281 100 1308 nec
133 1274 228 1308 ante
252 1267 388 1323 legem
419 1266 505 1307 ulla
530 1266 590 1306 rei
616 1266 828 1307 damnatio
850 1274 940 1313 est3
975 1267 1048 1307 sed
1072 1281 1121 1306 ex
1156 1267 1260 1324 lege.
1287 1266 1380 1309 Non

22 1332 120 1395 ergo
150 1337 192 1378 in
213 1337 349 1393 legem
378 1335 587 1377 commisit
614 1334 827 1383 Abraham
844 1367 854 1383 ,
892 1336 965 1377 sed
996 1336 1131 1392 legem
1162 1336 1374 1393 praevenit.

22 1406 133 1448 Deus
151 1406 192 1447 in
215 1404 407 1462 paradiso
428 1405 528 1446 licet
539 1404 786 1461 conjugium
807 1404 1041 1447 laudaverit
1057 1404 1090 1454 ²,
1114 1421 1199 1446 non
1222 1407 1380 1448 adulte-

23 1475 132 1516 rium
165 1476 446 1516 damnaverat.
485 1474 578 1515 Non
600 1475 689 1515 vult
711 1474 824 1515 enim
852 1482 1033 1516 mortem
1059 1476 1313 1532 peccatoris,
1339 1485 1381 1518 et

23 1545 117 1587 ideo
140 1546 253 1601 quod
267 1543 426 1601 praemii
449 1550 510 1584 est
532 1542 757 1599 pollicetur
776 1557 785 1584 :
807 1544 920 1599 quod
944 1558 1102 1600 poenae,
1126 1559 1210 1585 non
1234 1545 1372 1603 exigit.

21 1615 178 1657 Mavult
197 1613 310 1656 enim
327 1613 499 1655 mitibus
517 1616 763 1669 proi‘ocare,
789 1627 915 1669 quam
937 1620 1097 1655 terrere
1120 1614 1372 1659 saevioribus.

0 1686 74 1747 {Et
99 1693 146 1727 tu
173 1684 356 1743 peccasti
386 1688 485 1725 cu'm
510 1681 673 1740 gentilis
704 1697 814 1723 esses
830 1714 841 1729 ‚
876 1681 1006 1723 habes
1037 1684 1376 1728 exeusationem:

21 1755 171 1797 venisti
188 1756 240 1797 ad
259 1753 508 1800 Ecclesiam,
535 1751 686 1793 audisti
703 1752 836 1808 legem
859 1765 867 1792 :
899 1770 914 1790 «
929 1751 1022 1793 Non
1035 1744 1288 1796 adulterabis
1306 1755 1338 1805 ³,
1352 1775 1368 1796 »

23 1826 108 1881 jam
131 1824 444 1867 excusationem
461 1821 602 1864 delicti
619 1822 703 1863 non
723 1822 865 1863 habes.
888 1822 1047 1864 Tamen
1063 1824 1261 1880 quoniam
1281 1841 1380 1869 cum

23 1896 87 1939 his
110 1895 214 1937 mihi
231 1909 366 1936 sermo
388 1901 465 1941 est,
489 1892 560 1948 qui
584 1893 635 1933 ad
658 1891 833 1949 gratiam
854 1892 1115 1949 baptismatis
1128 1909 1283 1936 nomen
1306 1897 1377 1937 de—

25 1967 192 2013 derunt,
211 1963 244 2005 si
262 1963 352 2020 quis
375 1970 539 2005 tantum
562 1961 724 2003 crimen
745 1960 846 2003 fecit
860 1994 870 2010 ,
896 1961 1000 2003 sciat
1021 1962 1097 2004 tibi
1112 1963 1381 2008 tribuendam

22 2036 219 2083 veniam}
246 2035 319 2076 sed
340 2032 457 2090 quasi
480 2031 517 2074 ei
536 2031 605 2088 qui
623 2031 784 2073 crimen
806 2031 1063 2074 commiserit
1077 2065 1087 2080 ,
1108 2033 1149 2074 in
1170 2033 1380 2090 reliquum

24 2115 164 2156 tamen
194 2104 488 2147 abstinendum
519 2101 695 2144 noverit.
725 2101 917 2158 Denique
946 2102 1004 2143 illi
1035 2104 1232 2145 adulterae
1255 2119 1382 2160 quam

25 2175 68 2217 in
87 2174 310 2232 Evangelio
334 2174 579 2214 obtulerunt
596 2171 743 2213 scribae
763 2171 1085 2220 Pharisaeorum,
1107 2172 1263 2229 ignovit
1286 2174 1358 2230 qui

25 2248 121 2288 dem
142 2245 346 2288 Dominus
369 2243 606 2301 superiora,
633 2243 706 2284 sed
733 2241 789 2282 ‘ait
808 2256 816 2281 :
849 2240 997 2283 «Vade
1012 2274 1023 2289 ‚
1048 2250 1090 2283 et
1113 2245 1263 2284 amodo
1285 2244 1380 2286 vide

25 2332 107 2358 »ne
128 2330 276 2374 pecces
293 2314 322 2356 Δ.
345 2333 360 2353 »
385 2312 511 2365 Quod
536 2327 633 2353 eum
651 2311 710 2352 illi
732 2310 849 2359 dicit,
875 2310 951 2351 tibi
974 2311 1086 2352 dicit.
1108 2308 1262 2354 Fecisti
1284 2329 1380 2371 gen-

24 2389 107 2430 tilis
144 2386 420 2433 adulterium,
453 2373 587 2425 fecisti
618 2379 984 2423 catechumenus?
1012 2382 1247 2438 Ignoscitur
1275 2384 1376 2433 tibi,

26 2449 251 2500 remittitur
270 2456 347 2498 tibi
367 2470 442 2512 per
462 2453 734 2510 baptismum.
763 2451 877 2494 Vade
892 2484 902 2499 ‚
923 2459 965 2493 et
984 2461 1078 2508 post
1098 2453 1189 2495 haec
1210 2455 1304 2496 vide
1326 2471 1379 2499 ne

56 2529 187 2570 ecces.
209 2526 346 2569 Habes
367 2539 496 2565 unam
517 2522 697 2565 Abrahae
722 2520 1019 2564 defensionem.
1234 2570 1237 2571 ⁷

64 2596 240 2641 XXIV.
277 2595 471 2638 Secunda
496 2584 564 2634 illa
587 2600 667 2640 est,
692 2593 806 2648 quod
827 2606 913 2632 non
937 2593 1082 2634 ardore
1106 2593 1242 2650 aliquo
1265 2610 1378 2652 vagae

48 2678 260 2710 uccensus—
275 2664 459 2709 libidinis
475 2696 485 2713 ‚
508 2677 593 2705 non
613 2655 838 2720 petulantis
864 2660 1010 2704 sormae
1032 2670 1177 2721 captus
1203 2663 1376 2715 decore,

73 2745 92 2782 Ἀ
105 2746 274 2797 Gemxvi,
290 2769 321 2790 2.
339 2775 379 2782 —
395 2766 408 2781 2
427 2756 479 2788 ld.
494 2767 518 2792 1,
538 2755 588 2787 28.
608 2773 648 2780 -—
665 2755 678 2776 3
696 2753 801 2787 Exod.
821 2763 876 2794 xx,
899 2753 948 2791 14.
967 2772 1007 2779 —-
1026 2758 1040 2783 4
1055 2755 1151 2788 Joan.
1167 2766 1241 2794 vm,
1261 2766 1310 2788 ιι.

1129 2809 1197 2853 33.
