<?xml version="1.0" encoding="UTF-8"?>
<!DOCTYPE html PUBLIC "-//W3C//DTD XHTML 1.0 Transitional//EN"
    "http://www.w3.org/TR/xhtml1/DTD/xhtml1-transitional.dtd">
<html xmlns="http://www.w3.org/1999/xhtml" xml:lang="en" lang="en">
 <head>
  <title>
</title>
<meta http-equiv="Content-Type" content="text/html;charset=utf-8" />
  <meta name='ocr-system' content='tesseract 3.04.00' />
  <meta name='ocr-capabilities' content='ocr_page ocr_carea ocr_par ocr_line ocrx_word'/>
</head>
<body>
  <div class='ocr_page' id='page_1' title='image "./omniaequaeextant01ambruoft_0193.png"; bbox 0 0 1747 3260; ppageno 0'>
   <div class='ocr_carea' id='block_1_1' title="bbox 455 278 1375 324">
    <p class='ocr_par' dir='ltr' id='par_1_1' title="bbox 455 278 1375 324">
     <span class='ocr_line' id='line_1_1' title="bbox 455 278 1375 324; baseline -0.003 -14"><span class='ocrx_word' id='word_1_1' title='bbox 455 281 743 310; x_wconf 70' lang='lat' dir='ltr'><strong>REXAEMERON.</strong></span> <span class='ocrx_word' id='word_1_2' title='bbox 782 281 860 308; x_wconf 79' lang='lat' dir='ltr'>Lm.</span> <span class='ocrx_word' id='word_1_3' title='bbox 898 278 935 307; x_wconf 82' lang='lat' dir='ltr'>V.</span> <span class='ocrx_word' id='word_1_4' title='bbox 1297 282 1375 324; x_wconf 76' lang='lat'>179</span> 
     </span>
    </p>
   </div>
   <div class='ocr_carea' id='block_1_2' title="bbox 0 359 1401 2679">
    <p class='ocr_par' dir='ltr' id='par_1_2' title="bbox 0 359 1392 1544">
     <span class='ocr_line' id='line_1_2' title="bbox 21 359 1378 419; baseline -0.004 -15"><span class='ocrx_word' id='word_1_5' title='bbox 21 362 180 404; x_wconf 81' lang='lat' dir='ltr'>fraudis</span> <span class='ocrx_word' id='word_1_6' title='bbox 204 363 396 419; x_wconf 78' lang='lat' dir='ltr'>allapsos,</span> <span class='ocrx_word' id='word_1_7' title='bbox 420 361 521 401; x_wconf 90' lang='lat' dir='ltr'>dum</span> <span class='ocrx_word' id='word_1_8' title='bbox 548 367 645 401; x_wconf 86' lang='lat' dir='ltr'>nota</span> <span class='ocrx_word' id='word_1_9' title='bbox 668 373 753 400; x_wconf 90' lang='lat' dir='ltr'>non</span> <span class='ocrx_word' id='word_1_10' title='bbox 774 364 1032 415; x_wconf 69' lang='lat' dir='ltr'>praecavent,</span> <span class='ocrx_word' id='word_1_11' title='bbox 1057 365 1098 398; x_wconf 91' lang='lat' dir='ltr'>et</span> <span class='ocrx_word' id='word_1_12' title='bbox 1118 371 1265 398; x_wconf 85' lang='lat' dir='ltr'>saxum</span> <span class='ocrx_word' id='word_1_13' title='bbox 1286 359 1378 415; x_wconf 89' lang='lat' dir='ltr'>opi-</span> 
     </span>
     <span class='ocr_line' id='line_1_3' title="bbox 21 428 1379 485; baseline -0.001 -10"><span class='ocrx_word' id='word_1_14' title='bbox 21 441 192 481; x_wconf 85' lang='lat' dir='ltr'>nantur,</span> <span class='ocrx_word' id='word_1_15' title='bbox 219 432 402 478; x_wconf 81' lang='lat' dir='ltr'>cassibus</span> <span class='ocrx_word' id='word_1_16' title='bbox 419 430 578 472; x_wconf 75' lang='lat' dir='ltr'>furtivae</span> <span class='ocrx_word' id='word_1_17' title='bbox 597 430 694 471; x_wconf 84' lang='lat' dir='ltr'>artis</span> <span class='ocrx_word' id='word_1_18' title='bbox 713 429 905 476; x_wconf 84' lang='lat' dir='ltr'>includit,</span> <span class='ocrx_word' id='word_1_19' title='bbox 925 436 967 470; x_wconf 84' lang='lat' dir='ltr'>et</span> <span class='ocrx_word' id='word_1_20' title='bbox 983 428 1076 469; x_wconf 87' lang='lat' dir='ltr'>sinu</span> <span class='ocrx_word' id='word_1_21' title='bbox 1094 431 1276 485; x_wconf 85' lang='lat' dir='ltr'>quodam</span> <span class='ocrx_word' id='word_1_22' title='bbox 1293 446 1379 473; x_wconf 81' lang='lat' dir='ltr'>suae</span> 
     </span>
     <span class='ocr_line' id='line_1_4' title="bbox 23 499 1381 558; baseline -0.001 -14"><span class='ocrx_word' id='word_1_23' title='bbox 23 502 161 545; x_wconf 86' lang='lat' dir='ltr'>carnis</span> <span class='ocrx_word' id='word_1_24' title='bbox 183 501 404 558; x_wconf 81' lang='lat' dir='ltr'>intercipit.</span> <span class='ocrx_word' id='word_1_25' title='bbox 434 501 501 543; x_wconf 90' lang='lat' dir='ltr'>Sic</span> <span class='ocrx_word' id='word_1_26' title='bbox 521 508 748 558; x_wconf 85' lang='lat' dir='ltr'>spontanea</span> <span class='ocrx_word' id='word_1_27' title='bbox 772 499 882 541; x_wconf 79' lang='lat' dir='ltr'>venit</span> <span class='ocrx_word' id='word_1_28' title='bbox 904 499 1065 556; x_wconf 86' lang='lat' dir='ltr'>praeda‚</span> <span class='ocrx_word' id='word_1_29' title='bbox 1084 508 1125 541; x_wconf 88' lang='lat' dir='ltr'>ct</span> <span class='ocrx_word' id='word_1_30' title='bbox 1146 499 1298 541; x_wconf 83' lang='lat' dir='ltr'>talibus</span> <span class='ocrx_word' id='word_1_31' title='bbox 1316 516 1381 542; x_wconf 88' lang='lat' dir='ltr'>ca-</span> 
     </span>
     <span class='ocr_line' id='line_1_5' title="bbox 18 562 1381 632; baseline -0.001 -18"><span class='ocrx_word' id='word_1_32' title='bbox 18 573 138 632; x_wconf 70' lang='lat' dir='ltr'>pitur</span> <span class='ocrx_word' id='word_1_33' title='bbox 164 562 433 632; x_wconf 70' lang='lat' dir='ltr'>argumentis‘,</span> <span class='ocrx_word' id='word_1_34' title='bbox 470 571 606 627; x_wconf 87' lang='lat' dir='ltr'>qualia</span> <span class='ocrx_word' id='word_1_35' title='bbox 630 578 726 611; x_wconf 88' lang='lat' dir='ltr'>sunt</span> <span class='ocrx_word' id='word_1_36' title='bbox 748 584 898 611; x_wconf 87' lang='lat' dir='ltr'>eorum</span> <span class='ocrx_word' id='word_1_37' title='bbox 920 569 990 625; x_wconf 86' lang='lat' dir='ltr'>qui</span> <span class='ocrx_word' id='word_1_38' title='bbox 1015 569 1229 626; x_wconf 81' lang='lat' dir='ltr'>ingenium</span> <span class='ocrx_word' id='word_1_39' title='bbox 1257 586 1381 613; x_wconf 86' lang='lat' dir='ltr'>suum</span> 
     </span>
     <span class='ocr_line' id='line_1_6' title="bbox 25 639 1383 700; baseline 0 -17"><span class='ocrx_word' id='word_1_40' title='bbox 25 657 134 700; x_wconf 88' lang='lat' dir='ltr'>saepe</span> <span class='ocrx_word' id='word_1_41' title='bbox 165 649 450 689; x_wconf 85' lang='lat' dir='ltr'>commutant,</span> <span class='ocrx_word' id='word_1_42' title='bbox 485 648 525 682; x_wconf 91' lang='lat' dir='ltr'>et</span> <span class='ocrx_word' id='word_1_43' title='bbox 560 640 743 682; x_wconf 82' lang='lat' dir='ltr'>diversas</span> <span class='ocrx_word' id='word_1_44' title='bbox 779 639 960 681; x_wconf 87' lang='lat' dir='ltr'>nocendi</span> <span class='ocrx_word' id='word_1_45' title='bbox 984 647 1090 681; x_wconf 85' lang='lat' dir='ltr'>artes</span> <span class='ocrx_word' id='word_1_46' title='bbox 1117 649 1311 689; x_wconf 76' lang='lat' dir='ltr'>movent3</span> <span class='ocrx_word' id='word_1_47' title='bbox 1337 649 1383 683; x_wconf 69' lang='lat' dir='ltr'>ut.</span> 
     </span>
     <span class='ocr_line' id='line_1_7' title="bbox 24 713 1385 771; baseline 0.001 -16"><span class='ocrx_word' id='word_1_48' title='bbox 24 714 284 771; x_wconf 83' lang='lat' dir='ltr'>singulorum</span> <span class='ocrx_word' id='word_1_49' title='bbox 308 722 468 755; x_wconf 86' lang='lat' dir='ltr'>mentes</span> <span class='ocrx_word' id='word_1_50' title='bbox 491 727 718 769; x_wconf 80' lang='lat' dir='ltr'>sensusque</span> <span class='ocrx_word' id='word_1_51' title='bbox 740 719 994 769; x_wconf 79' lang='lat' dir='ltr'><strong>pertentent,</strong></span> <span class='ocrx_word' id='word_1_52' title='bbox 1018 726 1114 752; x_wconf 86' lang='lat' dir='ltr'>cum</span> <span class='ocrx_word' id='word_1_53' title='bbox 1132 713 1385 756; x_wconf 81' lang='lat' dir='ltr'>contineuti-</span> 
     </span>
     <span class='ocr_line' id='line_1_8' title="bbox 21 781 1385 841; baseline 0 -15"><span class='ocrx_word' id='word_1_54' title='bbox 21 784 106 826; x_wconf 71' lang='lat' dir='ltr'>bus</span> <span class='ocrx_word' id='word_1_55' title='bbox 129 784 250 841; x_wconf 84' lang='lat' dir='ltr'>positi</span> <span class='ocrx_word' id='word_1_56' title='bbox 272 783 574 825; x_wconf 81' lang='lat' dir='ltr'>continentiam</span> <span class='ocrx_word' id='word_1_57' title='bbox 598 782 891 840; x_wconf 73' lang='lat' dir='ltr'>praedicantes,</span> <span class='ocrx_word' id='word_1_58' title='bbox 911 781 953 822; x_wconf 85' lang='lat' dir='ltr'>in</span> <span class='ocrx_word' id='word_1_59' title='bbox 971 790 1082 823; x_wconf 79' lang='lat' dir='ltr'>coetu</span> <span class='ocrx_word' id='word_1_60' title='bbox 1099 782 1385 841; x_wconf 86' lang='lat' dir='ltr'>intemperan-</span> 
     </span>
     <span class='ocr_line' id='line_1_9' title="bbox 27 853 1386 912; baseline 0.003 -17"><span class='ocrx_word' id='word_1_61' title='bbox 27 854 132 896; x_wconf 84' lang='lat' dir='ltr'>tium</span> <span class='ocrx_word' id='word_1_62' title='bbox 155 863 355 912; x_wconf 82' lang='lat' dir='ltr'>tanquam</span> <span class='ocrx_word' id='word_1_63' title='bbox 379 854 485 896; x_wconf 75' lang='lat' dir='ltr'>devii</span> <span class='ocrx_word' id='word_1_64' title='bbox 510 854 559 895; x_wconf 89' lang='lat' dir='ltr'>ab</span> <span class='ocrx_word' id='word_1_65' title='bbox 585 854 722 895; x_wconf 84' lang='lat' dir='ltr'>studio</span> <span class='ocrx_word' id='word_1_66' title='bbox 746 853 963 900; x_wconf 82' lang='lat' dir='ltr'>castitatis,</span> <span class='ocrx_word' id='word_1_67' title='bbox 982 861 1023 894; x_wconf 87' lang='lat' dir='ltr'>ct</span> <span class='ocrx_word' id='word_1_68' title='bbox 1041 854 1220 896; x_wconf 77' lang='lat' dir='ltr'>demersi</span> <span class='ocrx_word' id='word_1_69' title='bbox 1238 855 1386 899; x_wconf 82' lang='lat' dir='ltr'>intem-</span> 
     </span>
     <span class='ocr_line' id='line_1_10' title="bbox 21 923 1386 982; baseline 0.002 -17"><span class='ocrx_word' id='word_1_70' title='bbox 21 924 226 982; x_wconf 70' lang='lat' dir='ltr'>⁴perantiae</span> <span class='ocrx_word' id='word_1_71' title='bbox 243 925 493 972; x_wconf 78' lang='lat' dir='ltr'>volutabris3</span> <span class='ocrx_word' id='word_1_72' title='bbox 520 932 564 965; x_wconf 79' lang='lat' dir='ltr'>ut</span> <span class='ocrx_word' id='word_1_73' title='bbox 583 923 653 980; x_wconf 88' lang='lat' dir='ltr'>qui</span> <span class='ocrx_word' id='word_1_74' title='bbox 671 939 740 965; x_wconf 85' lang='lat' dir='ltr'>eos</span> <span class='ocrx_word' id='word_1_75' title='bbox 760 924 936 964; x_wconf 87' lang='lat' dir='ltr'>audiunt</span> <span class='ocrx_word' id='word_1_76' title='bbox 953 932 1024 964; x_wconf 82' lang='lat' dir='ltr'>aut</span> <span class='ocrx_word' id='word_1_77' title='bbox 1039 923 1197 973; x_wconf 62' lang='lat' dir='ltr'>vident,</span> <span class='ocrx_word' id='word_1_78' title='bbox 1218 926 1386 969; x_wconf 84' lang='lat' dir='ltr'>incauta</span> 
     </span>
     <span class='ocr_line' id='line_1_11' title="bbox 29 994 1388 1050; baseline 0.002 -15"><span class='ocrx_word' id='word_1_79' title='bbox 29 994 226 1036; x_wconf 79' lang='lat' dir='ltr'>facilitate</span> <span class='ocrx_word' id='word_1_80' title='bbox 244 1011 286 1036; x_wconf 85' lang='lat' dir='ltr'>se</span> <span class='ocrx_word' id='word_1_81' title='bbox 304 996 499 1042; x_wconf 82' lang='lat' dir='ltr'>credant3</span> <span class='ocrx_word' id='word_1_82' title='bbox 524 1009 660 1050; x_wconf 89' lang='lat' dir='ltr'>coque</span> <span class='ocrx_word' id='word_1_83' title='bbox 678 994 800 1035; x_wconf 84' lang='lat' dir='ltr'>citius</span> <span class='ocrx_word' id='word_1_84' title='bbox 817 994 1034 1041; x_wconf 87' lang='lat' dir='ltr'>labuntur,</span> <span class='ocrx_word' id='word_1_85' title='bbox 1059 994 1159 1035; x_wconf 89' lang='lat' dir='ltr'>dum</span> <span class='ocrx_word' id='word_1_86' title='bbox 1178 995 1388 1039; x_wconf 80' lang='lat' dir='ltr'>declinare</span> 
     </span>
     <span class='ocr_line' id='line_1_12' title="bbox 30 1065 1390 1121; baseline 0.004 -17"><span class='ocrx_word' id='word_1_87' title='bbox 30 1079 114 1105; x_wconf 89' lang='lat' dir='ltr'>non</span> <span class='ocrx_word' id='word_1_88' title='bbox 138 1073 314 1111; x_wconf 83' lang='lat' dir='ltr'>norunt,</span> <span class='ocrx_word' id='word_1_89' title='bbox 344 1080 421 1106; x_wconf 88' lang='lat' dir='ltr'>nec</span> <span class='ocrx_word' id='word_1_90' title='bbox 446 1079 591 1106; x_wconf 73' lang='lat' dir='ltr'>cavere</span> <span class='ocrx_word' id='word_1_91' title='bbox 618 1065 733 1120; x_wconf 86' lang='lat' dir='ltr'>quod</span> <span class='ocrx_word' id='word_1_92' title='bbox 759 1071 935 1111; x_wconf 85' lang='lat' dir='ltr'>noceat,</span> <span class='ocrx_word' id='word_1_93' title='bbox 962 1079 1058 1113; x_wconf 84' lang='lat' dir='ltr'>cum</span> <span class='ocrx_word' id='word_1_94' title='bbox 1082 1066 1246 1121; x_wconf 72' lang='lat' dir='ltr'>gravior</span> <span class='ocrx_word' id='word_1_95' title='bbox 1271 1067 1322 1108; x_wconf 87' lang='lat' dir='ltr'>sit</span> <span class='ocrx_word' id='word_1_96' title='bbox 1348 1075 1390 1109; x_wconf 88' lang='lat' dir='ltr'>et</span> 
     </span>
     <span class='ocr_line' id='line_1_13' title="bbox 26 1134 1382 1192; baseline 0.004 -18"><span class='ocrx_word' id='word_1_97' title='bbox 26 1134 159 1191; x_wconf 85' lang='lat' dir='ltr'>magis</span> <span class='ocrx_word' id='word_1_98' title='bbox 182 1135 302 1175; x_wconf 74' lang='lat' dir='ltr'>noxia</span> <span class='ocrx_word' id='word_1_99' title='bbox 328 1135 572 1192; x_wconf 77' lang='lat' dir='ltr'>improbitas</span> <span class='ocrx_word' id='word_1_100' title='bbox 595 1134 863 1191; x_wconf 79' lang='lat' dir='ltr'>benignitatis</span> <span class='ocrx_word' id='word_1_101' title='bbox 887 1134 1140 1177; x_wconf 84' lang='lat' dir='ltr'>obumbrata</span> <span class='ocrx_word' id='word_1_102' title='bbox 1161 1137 1382 1180; x_wconf 70' lang='lat' dir='ltr'>velamine.</span> 
     </span>
     <span class='ocr_line' id='line_1_14' title="bbox 0 1203 1390 1265; baseline 0.003 -20"><span class='ocrx_word' id='word_1_103' title='bbox 0 1260 1 1265; x_wconf 15' lang='grc'>1</span> <span class='ocrx_word' id='word_1_104' title='bbox 30 1203 86 1245; x_wconf 90' lang='lat' dir='ltr'>Et</span> <span class='ocrx_word' id='word_1_105' title='bbox 115 1204 207 1245; x_wconf 88' lang='lat' dir='ltr'>ideo</span> <span class='ocrx_word' id='word_1_106' title='bbox 241 1205 415 1246; x_wconf 82' lang='lat' dir='ltr'>cavendi</span> <span class='ocrx_word' id='word_1_107' title='bbox 446 1212 541 1245; x_wconf 90' lang='lat' dir='ltr'>sunt</span> <span class='ocrx_word' id='word_1_108' title='bbox 569 1204 639 1260; x_wconf 85' lang='lat' dir='ltr'>qui</span> <span class='ocrx_word' id='word_1_109' title='bbox 672 1204 807 1245; x_wconf 82' lang='lat' dir='ltr'>crines</span> <span class='ocrx_word' id='word_1_110' title='bbox 835 1219 918 1245; x_wconf 61' lang='lat' dir='ltr'>sure</span> <span class='ocrx_word' id='word_1_111' title='bbox 948 1204 1120 1253; x_wconf 83' lang='lat' dir='ltr'>fraudis,</span> <span class='ocrx_word' id='word_1_112' title='bbox 1153 1214 1193 1248; x_wconf 87' lang='lat' dir='ltr'>et</span> <span class='ocrx_word' id='word_1_113' title='bbox 1217 1207 1390 1249; x_wconf 85' lang='lat' dir='ltr'>brachia</span> 
     </span>
     <span class='ocr_line' id='line_1_15' title="bbox 0 1274 1392 1332; baseline 0.004 -17"><span class='ocrx_word' id='word_1_114' title='bbox 0 1275 154 1331; x_wconf 56' lang='lat' dir='ltr'>,longe</span> <span class='ocrx_word' id='word_1_115' title='bbox 183 1277 347 1331; x_wconf 86' lang='lat' dir='ltr'>lateque</span> <span class='ocrx_word' id='word_1_116' title='bbox 379 1274 638 1332; x_wconf 86' lang='lat' dir='ltr'>dispergunt,</span> <span class='ocrx_word' id='word_1_117' title='bbox 673 1276 738 1316; x_wconf 78' lang='lat' dir='ltr'>vel</span> <span class='ocrx_word' id='word_1_118' title='bbox 761 1275 943 1331; x_wconf 87' lang='lat' dir='ltr'>speciem</span> <span class='ocrx_word' id='word_1_119' title='bbox 974 1274 1155 1319; x_wconf 84' lang='lat' dir='ltr'>iuduunt</span> <span class='ocrx_word' id='word_1_120' title='bbox 1182 1279 1392 1320; x_wconf 82' lang='lat' dir='ltr'>inultisor-</span> 
     </span>
     <span class='ocr_line' id='line_1_16' title="bbox 0 1328 1388 1403; baseline 0.003 -18"><span class='ocrx_word' id='word_1_121' title='bbox 0 1328 2 1350; x_wconf 26' lang='lat' dir='ltr'>i</span> <span class='ocrx_word' id='word_1_122' title='bbox 34 1360 158 1386; x_wconf 88' lang='lat' dir='ltr'>mem.</span> <span class='ocrx_word' id='word_1_123' title='bbox 194 1344 249 1386; x_wconf 79' lang='lat' dir='ltr'>Et</span> <span class='ocrx_word' id='word_1_124' title='bbox 282 1345 347 1386; x_wconf 89' lang='lat' dir='ltr'>isti</span> <span class='ocrx_word' id='word_1_125' title='bbox 368 1345 479 1386; x_wconf 84' lang='lat' dir='ltr'>enim</span> <span class='ocrx_word' id='word_1_126' title='bbox 507 1345 651 1402; x_wconf 72' lang='lat' dir='ltr'>polypi</span> <span class='ocrx_word' id='word_1_127' title='bbox 675 1353 772 1386; x_wconf 85' lang='lat' dir='ltr'>sunt</span> <span class='ocrx_word' id='word_1_128' title='bbox 794 1361 923 1387; x_wconf 79' lang='lat' dir='ltr'>nexus</span> <span class='ocrx_word' id='word_1_129' title='bbox 945 1347 1148 1403; x_wconf 86' lang='lat' dir='ltr'>plurimos</span> <span class='ocrx_word' id='word_1_130' title='bbox 1170 1347 1388 1399; x_wconf 77' lang='lat' dir='ltr'>habentes,</span> 
     </span>
     <span class='ocr_line' id='line_1_17' title="bbox 34 1415 1392 1477; baseline 0.004 -20"><span class='ocrx_word' id='word_1_131' title='bbox 34 1424 76 1457; x_wconf 89' lang='lat' dir='ltr'>et</span> <span class='ocrx_word' id='word_1_132' title='bbox 98 1416 345 1457; x_wconf 83' lang='lat' dir='ltr'>callidorum</span> <span class='ocrx_word' id='word_1_133' title='bbox 370 1416 634 1473; x_wconf 87' lang='lat' dir='ltr'>ingeniorum</span> <span class='ocrx_word' id='word_1_134' title='bbox 657 1415 826 1472; x_wconf 76' lang='lat' dir='ltr'>vestigia</span> <span class='ocrx_word' id='word_1_135' title='bbox 841 1449 851 1464; x_wconf 92' lang='lat'><strong><em>,</em></strong></span> <span class='ocrx_word' id='word_1_136' title='bbox 875 1417 1026 1472; x_wconf 89' lang='lat' dir='ltr'>quibus</span> <span class='ocrx_word' id='word_1_137' title='bbox 1047 1417 1210 1460; x_wconf 85' lang='lat' dir='ltr'>irretire</span> <span class='ocrx_word' id='word_1_138' title='bbox 1234 1421 1392 1477; x_wconf 80' lang='lat' dir='ltr'>possint</span> 
     </span>
     <span class='ocr_line' id='line_1_18' title="bbox 33 1486 1028 1544; baseline 0.002 -18"><span class='ocrx_word' id='word_1_139' title='bbox 33 1486 240 1542; x_wconf 86' lang='lat' dir='ltr'>quidquid</span> <span class='ocrx_word' id='word_1_140' title='bbox 260 1486 302 1527; x_wconf 89' lang='lat' dir='ltr'>in</span> <span class='ocrx_word' id='word_1_141' title='bbox 325 1488 519 1544; x_wconf 84' lang='lat' dir='ltr'>scopulos</span> <span class='ocrx_word' id='word_1_142' title='bbox 536 1502 619 1527; x_wconf 77' lang='lat' dir='ltr'>suae</span> <span class='ocrx_word' id='word_1_143' title='bbox 640 1486 798 1528; x_wconf 83' lang='lat' dir='ltr'>fraudis</span> <span class='ocrx_word' id='word_1_144' title='bbox 818 1486 1028 1529; x_wconf 85' lang='lat' dir='ltr'>inciderit.</span> 
     </span>
    </p>

    <p class='ocr_par' dir='ltr' id='par_1_3' title="bbox 35 1557 1395 1761">
     <span class='ocr_line' id='line_1_19' title="bbox 92 1557 1394 1618; baseline 0.004 -20"><span class='ocrx_word' id='word_1_145' title='bbox 92 1557 232 1599; x_wconf 80' lang='lat' dir='ltr'><strong>XXII.</strong></span> <span class='ocrx_word' id='word_1_146' title='bbox 272 1557 435 1599; x_wconf 83' lang='lat' dir='ltr'>Cancer</span> <span class='ocrx_word' id='word_1_147' title='bbox 464 1573 630 1614; x_wconf 88' lang='lat' dir='ltr'>quoquc</span> <span class='ocrx_word' id='word_1_148' title='bbox 662 1572 765 1614; x_wconf 85' lang='lat' dir='ltr'>quas</span> <span class='ocrx_word' id='word_1_149' title='bbox 797 1557 878 1598; x_wconf 87' lang='lat' dir='ltr'>cibi</span> <span class='ocrx_word' id='word_1_150' title='bbox 909 1558 1041 1615; x_wconf 81' lang='lat' dir='ltr'>gratia</span> <span class='ocrx_word' id='word_1_151' title='bbox 1070 1559 1298 1618; x_wconf 82' lang='lat' dir='ltr'>praestigias</span> <span class='ocrx_word' id='word_1_152' title='bbox 1328 1561 1394 1603; x_wconf 91' lang='lat' dir='ltr'>iu-</span> 
     </span>
     <span class='ocr_line' id='line_1_20' title="bbox 36 1627 1394 1688; baseline 0.006 -21"><span class='ocrx_word' id='word_1_153' title='bbox 36 1627 184 1668; x_wconf 79' lang='lat' dir='ltr'>struit!</span> <span class='ocrx_word' id='word_1_154' title='bbox 210 1627 399 1684; x_wconf 79' lang='lat' dir='ltr'>Namque</span> <span class='ocrx_word' id='word_1_155' title='bbox 429 1635 470 1670; x_wconf 86' lang='lat' dir='ltr'>et</span> <span class='ocrx_word' id='word_1_156' title='bbox 500 1627 590 1685; x_wconf 75' lang='lat' dir='ltr'>ipse</span> <span class='ocrx_word' id='word_1_157' title='bbox 617 1635 755 1669; x_wconf 83' lang='lat' dir='ltr'>ostreo</span> <span class='ocrx_word' id='word_1_158' title='bbox 783 1629 1032 1677; x_wconf 82' lang='lat' dir='ltr'>delectatur,</span> <span class='ocrx_word' id='word_1_159' title='bbox 1065 1638 1106 1670; x_wconf 85' lang='lat' dir='ltr'>et</span> <span class='ocrx_word' id='word_1_160' title='bbox 1139 1631 1275 1672; x_wconf 85' lang='lat' dir='ltr'>carnis</span> <span class='ocrx_word' id='word_1_161' title='bbox 1303 1631 1394 1688; x_wconf 82' lang='lat' dir='ltr'>ejus</span> 
     </span>
     <span class='ocr_line' id='line_1_21' title="bbox 35 1697 1395 1761; baseline 0.004 -22"><span class='ocrx_word' id='word_1_162' title='bbox 35 1700 210 1756; x_wconf 82' lang='lat' dir='ltr'>epulum</span> <span class='ocrx_word' id='word_1_163' title='bbox 232 1698 310 1740; x_wconf 86' lang='lat' dir='ltr'>sibi</span> <span class='ocrx_word' id='word_1_164' title='bbox 331 1698 489 1755; x_wconf 84' lang='lat' dir='ltr'>quaerit.</span> <span class='ocrx_word' id='word_1_165' title='bbox 504 1697 597 1761; x_wconf 48' lang='lat' dir='ltr'>‚Sed</span> <span class='ocrx_word' id='word_1_166' title='bbox 618 1698 714 1755; x_wconf 86' lang='lat' dir='ltr'>quia</span> <span class='ocrx_word' id='word_1_167' title='bbox 736 1707 783 1739; x_wconf 85' lang='lat' dir='ltr'>ut</span> <span class='ocrx_word' id='word_1_168' title='bbox 806 1706 1005 1755; x_wconf 79' lang='lat' dir='ltr'>appetens</span> <span class='ocrx_word' id='word_1_169' title='bbox 1030 1699 1128 1748; x_wconf 86' lang='lat' dir='ltr'>cibi,</span> <span class='ocrx_word' id='word_1_170' title='bbox 1153 1701 1206 1742; x_wconf 87' lang='lat' dir='ltr'>ita</span> <span class='ocrx_word' id='word_1_171' title='bbox 1229 1703 1395 1760; x_wconf 82' lang='lat' dir='ltr'>prospi-</span> 
     </span>
    </p>

    <p class='ocr_par' dir='ltr' id='par_1_4' title="bbox 0 1768 1401 2679">
     <span class='ocr_line' id='line_1_22' title="bbox 0 1768 1394 1832; baseline 0.004 -22"><span class='ocrx_word' id='word_1_172' title='bbox 0 1817 1 1832; x_wconf 24' lang='grc' dir='ltr'><strong>ἶ</strong></span> <span class='ocrx_word' id='word_1_173' title='bbox 38 1768 152 1811; x_wconf 87' lang='lat' dir='ltr'>ciens</span> <span class='ocrx_word' id='word_1_174' title='bbox 174 1777 236 1811; x_wconf 86' lang='lat' dir='ltr'>est</span> <span class='ocrx_word' id='word_1_175' title='bbox 257 1769 430 1826; x_wconf 85' lang='lat' dir='ltr'>periculi</span> <span class='ocrx_word' id='word_1_176' title='bbox 452 1784 461 1810; x_wconf 94' lang='lat'>:</span> <span class='ocrx_word' id='word_1_177' title='bbox 486 1769 685 1826; x_wconf 86' lang='lat' dir='ltr'>quoniam</span> <span class='ocrx_word' id='word_1_178' title='bbox 703 1784 800 1810; x_wconf 89' lang='lat' dir='ltr'>cum</span> <span class='ocrx_word' id='word_1_179' title='bbox 824 1768 1002 1811; x_wconf 85' lang='lat' dir='ltr'>difficilis</span> <span class='ocrx_word' id='word_1_180' title='bbox 1024 1778 1086 1811; x_wconf 87' lang='lat' dir='ltr'>est</span> <span class='ocrx_word' id='word_1_181' title='bbox 1102 1772 1283 1821; x_wconf 79' lang='lat' dir='ltr'>venatio,</span> <span class='ocrx_word' id='word_1_182' title='bbox 1304 1781 1394 1815; x_wconf 84' lang='lat' dir='ltr'>tum</span> 
     </span>
     <span class='ocr_line' id='line_1_23' title="bbox 38 1832 1394 1898; baseline 0.004 -17"><span class='ocrx_word' id='word_1_183' title='bbox 38 1841 273 1898; x_wconf 84' lang='lat' dir='ltr'>periculosa</span> <span class='ocrx_word' id='word_1_184' title='bbox 293 1856 301 1882; x_wconf 77' lang='grc' dir='ltr'>ε</span> <span class='ocrx_word' id='word_1_185' title='bbox 319 1832 523 1888; x_wconf 79' lang='lat' dir='ltr'>difficilis,</span> <span class='ocrx_word' id='word_1_186' title='bbox 552 1840 647 1896; x_wconf 85' lang='lat' dir='ltr'>quia</span> <span class='ocrx_word' id='word_1_187' title='bbox 669 1839 786 1882; x_wconf 84' lang='lat' dir='ltr'>testis</span> <span class='ocrx_word' id='word_1_188' title='bbox 808 1839 1079 1882; x_wconf 72' lang='lat' dir='ltr'>validioribus</span> <span class='ocrx_word' id='word_1_189' title='bbox 1102 1857 1197 1884; x_wconf 85' lang='lat' dir='ltr'>esca</span> <span class='ocrx_word' id='word_1_190' title='bbox 1220 1843 1394 1886; x_wconf 80' lang='lat' dir='ltr'>iuter-ior</span> 
     </span>
     <span class='ocr_line' id='line_1_24' title="bbox 39 1909 1395 1966; baseline 0.004 -14"><span class='ocrx_word' id='word_1_191' title='bbox 39 1909 297 1959; x_wconf 74' lang='lat' dir='ltr'>includitur;</span> <span class='ocrx_word' id='word_1_192' title='bbox 326 1918 422 1952; x_wconf 87' lang='lat' dir='ltr'>nam</span> <span class='ocrx_word' id='word_1_193' title='bbox 449 1912 562 1952; x_wconf 72' lang='lat' dir='ltr'>velut</span> <span class='ocrx_word' id='word_1_194' title='bbox 583 1910 714 1951; x_wconf 87' lang='lat' dir='ltr'>muris</span> <span class='ocrx_word' id='word_1_195' title='bbox 738 1910 989 1966; x_wconf 83' lang='lat' dir='ltr'>quibusdam</span> <span class='ocrx_word' id='word_1_196' title='bbox 1015 1913 1234 1955; x_wconf 85' lang='lat' dir='ltr'>mollitiem</span> <span class='ocrx_word' id='word_1_197' title='bbox 1260 1916 1395 1957; x_wconf 83' lang='lat' dir='ltr'>carnis</span> 
     </span>
     <span class='ocr_line' id='line_1_25' title="bbox 39 1981 1394 2040; baseline 0.005 -19"><span class='ocrx_word' id='word_1_198' title='bbox 39 1981 236 2038; x_wconf 87' lang='lat' dir='ltr'>praecepti</span> <span class='ocrx_word' id='word_1_199' title='bbox 255 1981 480 2038; x_wconf 86' lang='lat' dir='ltr'>imperialis</span> <span class='ocrx_word' id='word_1_200' title='bbox 498 1981 703 2038; x_wconf 79' lang='lat' dir='ltr'>interpres</span> <span class='ocrx_word' id='word_1_201' title='bbox 722 1989 870 2022; x_wconf 86' lang='lat' dir='ltr'>natura</span> <span class='ocrx_word' id='word_1_202' title='bbox 891 1982 1085 2031; x_wconf 69' lang='lat' dir='ltr'>munivit,</span> <span class='ocrx_word' id='word_1_203' title='bbox 1109 1999 1234 2040; x_wconf 86' lang='lat' dir='ltr'>quam</span> <span class='ocrx_word' id='word_1_204' title='bbox 1257 1987 1394 2029; x_wconf 78' lang='lat' dir='ltr'>medio</span> 
     </span>
     <span class='ocr_line' id='line_1_26' title="bbox 39 2051 1396 2111; baseline 0.004 -19"><span class='ocrx_word' id='word_1_205' title='bbox 39 2058 240 2092; x_wconf 81' lang='lat' dir='ltr'>testarum</span> <span class='ocrx_word' id='word_1_206' title='bbox 265 2053 446 2108; x_wconf 86' lang='lat' dir='ltr'>quodam</span> <span class='ocrx_word' id='word_1_207' title='bbox 465 2052 557 2093; x_wconf 86' lang='lat' dir='ltr'>sinu</span> <span class='ocrx_word' id='word_1_208' title='bbox 581 2067 765 2092; x_wconf 69' lang='lat' dir='ltr'>concavo</span> <span class='ocrx_word' id='word_1_209' title='bbox 793 2051 923 2093; x_wconf 86' lang='lat' dir='ltr'>nutrit</span> <span class='ocrx_word' id='word_1_210' title='bbox 948 2067 993 2093; x_wconf 89' lang='lat' dir='ltr'>ac</span> <span class='ocrx_word' id='word_1_211' title='bbox 1015 2052 1141 2102; x_wconf 66' lang='lat' dir='ltr'>fovet,</span> <span class='ocrx_word' id='word_1_212' title='bbox 1161 2063 1202 2096; x_wconf 88' lang='lat' dir='ltr'>et</span> <span class='ocrx_word' id='word_1_213' title='bbox 1219 2057 1334 2111; x_wconf 86' lang='lat' dir='ltr'>quasi</span> <span class='ocrx_word' id='word_1_214' title='bbox 1353 2057 1396 2099; x_wconf 86' lang='lat' dir='ltr'>iu</span> 
     </span>
     <span class='ocr_line' id='line_1_27' title="bbox 39 2121 1395 2177; baseline 0.005 -15"><span class='ocrx_word' id='word_1_215' title='bbox 39 2123 222 2177; x_wconf 85' lang='lat' dir='ltr'>quadam</span> <span class='ocrx_word' id='word_1_216' title='bbox 249 2123 354 2163; x_wconf 66' lang='lat' dir='ltr'>valle</span> <span class='ocrx_word' id='word_1_217' title='bbox 384 2121 602 2169; x_wconf 82' lang='lat' dir='ltr'>diffi1ndit3</span> <span class='ocrx_word' id='word_1_218' title='bbox 636 2130 677 2162; x_wconf 90' lang='lat' dir='ltr'>et</span> <span class='ocrx_word' id='word_1_219' title='bbox 703 2121 796 2162; x_wconf 80' lang='lat' dir='ltr'>ideo</span> <span class='ocrx_word' id='word_1_220' title='bbox 822 2137 935 2162; x_wconf 85' lang='lat' dir='ltr'>cassa</span> <span class='ocrx_word' id='word_1_221' title='bbox 965 2123 1102 2165; x_wconf 87' lang='lat' dir='ltr'>omnia</span> <span class='ocrx_word' id='word_1_222' title='bbox 1134 2133 1395 2171; x_wconf 86' lang='lat' dir='ltr'>tentamenta</span> 
     </span>
     <span class='ocr_line' id='line_1_28' title="bbox 39 2192 1393 2253; baseline 0.007 -21"><span class='ocrx_word' id='word_1_223' title='bbox 39 2200 137 2233; x_wconf 86' lang='lat' dir='ltr'>sunt</span> <span class='ocrx_word' id='word_1_224' title='bbox 153 2192 309 2239; x_wconf 83' lang='lat' dir='ltr'>cancri,</span> <span class='ocrx_word' id='word_1_225' title='bbox 337 2192 432 2248; x_wconf 88' lang='lat' dir='ltr'>quia</span> <span class='ocrx_word' id='word_1_226' title='bbox 451 2192 609 2249; x_wconf 83' lang='lat' dir='ltr'>aperire</span> <span class='ocrx_word' id='word_1_227' title='bbox 629 2194 817 2233; x_wconf 83' lang='lat' dir='ltr'>clausum</span> <span class='ocrx_word' id='word_1_228' title='bbox 835 2201 1019 2234; x_wconf 83' lang='lat' dir='ltr'>ostreum</span> <span class='ocrx_word' id='word_1_229' title='bbox 1039 2195 1149 2235; x_wconf 85' lang='lat' dir='ltr'>nulla</span> <span class='ocrx_word' id='word_1_230' title='bbox 1170 2196 1207 2236; x_wconf 73' lang='lat' dir='ltr'>vi</span> <span class='ocrx_word' id='word_1_231' title='bbox 1226 2206 1360 2253; x_wconf 83' lang='lat' dir='ltr'>potest</span> <span class='ocrx_word' id='word_1_232' title='bbox 1382 2215 1393 2241; x_wconf 88' lang='lat'>:</span> 
     </span>
     <span class='ocr_line' id='line_1_29' title="bbox 38 2261 1397 2327; baseline 0.006 -24"><span class='ocrx_word' id='word_1_233' title='bbox 38 2268 84 2303; x_wconf 80' lang='lat' dir='ltr'>et</span> <span class='ocrx_word' id='word_1_234' title='bbox 105 2261 387 2319; x_wconf 81' lang='lat' dir='ltr'>periculosum</span> <span class='ocrx_word' id='word_1_235' title='bbox 414 2270 475 2304; x_wconf 81' lang='lat' dir='ltr'>cst</span> <span class='ocrx_word' id='word_1_236' title='bbox 499 2263 531 2304; x_wconf 80' lang='lat' dir='ltr'>si</span> <span class='ocrx_word' id='word_1_237' title='bbox 556 2263 720 2304; x_wconf 82' lang='lat' dir='ltr'>chelam</span> <span class='ocrx_word' id='word_1_238' title='bbox 742 2262 832 2319; x_wconf 90' lang='lat' dir='ltr'>ejus</span> <span class='ocrx_word' id='word_1_239' title='bbox 856 2262 944 2320; x_wconf 76' lang='lat'>(13)</span> <span class='ocrx_word' id='word_1_240' title='bbox 969 2263 1170 2313; x_wconf 83' lang='lat' dir='ltr'>includat,</span> <span class='ocrx_word' id='word_1_241' title='bbox 1202 2269 1253 2308; x_wconf 83' lang='lat' dir='ltr'>ad</span> <span class='ocrx_word' id='word_1_242' title='bbox 1273 2284 1397 2327; x_wconf 84' lang='lat' dir='ltr'>argu-</span> 
     </span>
     <span class='ocr_line' id='line_1_30' title="bbox 41 2332 1399 2397; baseline 0.006 -25"><span class='ocrx_word' id='word_1_243' title='bbox 41 2340 184 2373; x_wconf 80' lang='lat' dir='ltr'>menta</span> <span class='ocrx_word' id='word_1_244' title='bbox 211 2332 412 2389; x_wconf 78' lang='lat' dir='ltr'>confugit,</span> <span class='ocrx_word' id='word_1_245' title='bbox 445 2340 484 2374; x_wconf 87' lang='lat' dir='ltr'>et</span> <span class='ocrx_word' id='word_1_246' title='bbox 517 2333 684 2374; x_wconf 80' lang='lat' dir='ltr'>insidias</span> <span class='ocrx_word' id='word_1_247' title='bbox 713 2348 819 2374; x_wconf 78' lang='lat' dir='ltr'>nova</span> <span class='ocrx_word' id='word_1_248' title='bbox 847 2332 992 2374; x_wconf 83' lang='lat' dir='ltr'>fraude-</span> <span class='ocrx_word' id='word_1_249' title='bbox 1023 2336 1207 2379; x_wconf 90' lang='lat' dir='ltr'>molitur.</span> <span class='ocrx_word' id='word_1_250' title='bbox 1252 2340 1399 2397; x_wconf 74' lang='lat' dir='ltr'>Itaque</span> 
     </span>
     <span class='ocr_line' id='line_1_31' title="bbox 41 2402 1400 2464; baseline 0.005 -21"><span class='ocrx_word' id='word_1_251' title='bbox 41 2402 138 2459; x_wconf 87' lang='lat' dir='ltr'>quia</span> <span class='ocrx_word' id='word_1_252' title='bbox 172 2403 312 2444; x_wconf 83' lang='lat' dir='ltr'>omnia</span> <span class='ocrx_word' id='word_1_253' title='bbox 347 2419 497 2460; x_wconf 82' lang='lat' dir='ltr'>genera</span> <span class='ocrx_word' id='word_1_254' title='bbox 534 2403 813 2445; x_wconf 82' lang='lat' dir='ltr'>delectatione</span> <span class='ocrx_word' id='word_1_255' title='bbox 845 2405 1100 2454; x_wconf 83' lang='lat' dir='ltr'>mulcentur,</span> <span class='ocrx_word' id='word_1_256' title='bbox 1139 2409 1328 2464; x_wconf 78' lang='lat' dir='ltr'>explorat</span> <span class='ocrx_word' id='word_1_257' title='bbox 1364 2411 1400 2454; x_wconf 81' lang='lat' dir='ltr'>si</span> 
     </span>
     <span class='ocr_line' id='line_1_32' title="bbox 42 2472 1399 2529; baseline 0.008 -16"><span class='ocrx_word' id='word_1_258' title='bbox 42 2473 210 2529; x_wconf 84' lang='lat' dir='ltr'>quando</span> <span class='ocrx_word' id='word_1_259' title='bbox 227 2481 412 2515; x_wconf 84' lang='lat' dir='ltr'>ostreum</span> <span class='ocrx_word' id='word_1_260' title='bbox 429 2474 600 2515; x_wconf 86' lang='lat' dir='ltr'>remotis</span> <span class='ocrx_word' id='word_1_261' title='bbox 617 2472 660 2515; x_wconf 89' lang='lat' dir='ltr'>in</span> <span class='ocrx_word' id='word_1_262' title='bbox 676 2473 778 2515; x_wconf 87' lang='lat' dir='ltr'>locis</span> <span class='ocrx_word' id='word_1_263' title='bbox 795 2474 846 2515; x_wconf 88' lang='lat' dir='ltr'>ab</span> <span class='ocrx_word' id='word_1_264' title='bbox 864 2475 979 2515; x_wconf 89' lang='lat' dir='ltr'>omni</span> <span class='ocrx_word' id='word_1_265' title='bbox 996 2484 1120 2517; x_wconf 80' lang='lat' dir='ltr'>vento</span> <span class='ocrx_word' id='word_1_266' title='bbox 1139 2487 1283 2521; x_wconf 83' lang='lat' dir='ltr'>contra</span> <span class='ocrx_word' id='word_1_267' title='bbox 1301 2483 1399 2526; x_wconf 85' lang='lat' dir='ltr'>solis</span> 
     </span>
     <span class='ocr_line' id='line_1_33' title="bbox 44 2535 1399 2604; baseline 0.008 -21"><span class='ocrx_word' id='word_1_268' title='bbox 44 2542 182 2583; x_wconf 81' lang='lat' dir='ltr'>radios</span> <span class='ocrx_word' id='word_1_269' title='bbox 215 2542 463 2600; x_wconf 67' lang='lat' dir='ltr'>diptychum</span> <span class='ocrx_word' id='word_1_270' title='bbox 498 2543 602 2586; x_wconf 88' lang='lat' dir='ltr'>illud</span> <span class='ocrx_word' id='word_1_271' title='bbox 636 2559 758 2585; x_wconf 88' lang='lat' dir='ltr'>suum</span> <span class='ocrx_word' id='word_1_272' title='bbox 807 2544 964 2601; x_wconf 86' lang='lat' dir='ltr'>aperiat</span> <span class='ocrx_word' id='word_1_273' title='bbox 1005 2546 1094 2604; x_wconf 66' lang='lat'>(14)</span> <span class='ocrx_word' id='word_1_274' title='bbox 1113 2579 1124 2595; x_wconf 93' lang='lat'><em>‚</em></span> <span class='ocrx_word' id='word_1_275' title='bbox 1162 2535 1203 2590; x_wconf 79' lang='lat' dir='ltr'>et</span> <span class='ocrx_word' id='word_1_276' title='bbox 1240 2562 1399 2597; x_wconf 84' lang='lat' dir='ltr'>reseret</span> 
     </span>
     <span class='ocr_line' id='line_1_34' title="bbox 43 2610 1401 2679; baseline 0.008 -26"><span class='ocrx_word' id='word_1_277' title='bbox 43 2610 226 2659; x_wconf 76' lang='lat' dir='ltr'>claustra</span> <span class='ocrx_word' id='word_1_278' title='bbox 254 2619 478 2664; x_wconf 82' lang='lat' dir='ltr'>testarum;</span> <span class='ocrx_word' id='word_1_279' title='bbox 511 2621 561 2656; x_wconf 91' lang='lat' dir='ltr'>ut</span> <span class='ocrx_word' id='word_1_280' title='bbox 588 2613 721 2658; x_wconf 88' lang='lat' dir='ltr'>libero</span> <span class='ocrx_word' id='word_1_281' title='bbox 745 2617 840 2656; x_wconf 78' lang='lat' dir='ltr'>ae&#39;re</span> <span class='ocrx_word' id='word_1_282' title='bbox 859 2613 1029 2658; x_wconf 84' lang='lat' dir='ltr'>visceris</span> <span class='ocrx_word' id='word_1_283' title='bbox 1055 2617 1118 2660; x_wconf 86' lang='lat' dir='ltr'>sui</span> <span class='ocrx_word' id='word_1_284' title='bbox 1139 2619 1401 2679; x_wconf 87' lang='lat' dir='ltr'>voluptatem</span> 
     </span>
    </p>
   </div>
   <div class='ocr_carea' id='block_1_3' title="bbox 1150 2704 1217 2734">
    <p class='ocr_par' dir='ltr' id='par_1_5' title="bbox 1150 2704 1217 2734">
     <span class='ocr_line' id='line_1_35' title="bbox 1150 2704 1217 2734; baseline 0.03 -3"><span class='ocrx_word' id='word_1_285' title='bbox 1150 2704 1217 2734; x_wconf 84' lang='lat'>12.</span> 
     </span>
    </p>
   </div>
  </div>
 </body>
</html>
