1747 3260
334 313 352 339 1
362 296 416 339 86
878 309 907 335 s,
947 309 1137 336 ,ammosa

322 387 580 444 rationisque
601 385 775 443 expers?
801 385 885 427 Sed
905 385 1000 427 vide
1015 400 1069 426 ne
1093 393 1136 426 tu
1156 384 1228 427 tibi
1249 385 1380 442 magis
1407 385 1578 443 incipias
1595 403 1688 431 esse

327 457 616 514 contemptui,
642 456 674 497 si
697 455 970 497 irrationabili
993 454 1316 496 irrationabilior
1337 456 1678 511 deprehendaris.

331 527 446 579 Quid
470 535 608 568 autem
631 525 919 567 rationabilius
940 524 1022 566 hoc
1046 524 1225 582 piscium
1250 525 1428 565 transitu
1444 557 1453 573 ,
1475 525 1596 581 cujus
1617 540 1690 567 ra·-
1741 521 1745 571 Ι

330 596 487 639 tionem
520 595 691 652 quidem
721 595 859 636 verbis
889 610 974 636 non
1007 594 1246 650 explicant,
1272 595 1343 635 scd
1367 593 1691 650 1‘actisloquun—

333 665 431 708 tur?
458 666 641 721 Pcrgunt
668 664 789 704 enim·
809 664 961 705 aestatis
993 672 1182 721 tempore
1207 666 1257 705 ad
1288 663 1442 704 fretum
1464 663 1611 712 Ponti,
1640 677 1693 704 eo

333 737 446 792 quod
477 735 636 790 reliquo
665 734 792 774 maris
815 733 906 773 sinu
939 733 1006 774 hic
1032 734 1145 774 sinus
1177 733 1341 774 dulcior
1367 733 1431 774 sit.
1460 732 1552 774 Non
1578 733 1692 773 onim

334 805 478 847 tandiu
501 806 561 845 sol
583 804 622 844 ei
645 804 767 851 freto,
793 802 979 859 quandiu
1012 803 1171 844 caeteris
1193 803 1442 844 immoratur
1457 835 1466 849 ‚
1490 817 1620 858 eaque
1643 800 1691 843 fit
1741 817 1744 823 ⁴

337 889 461 916 causa
485 881 530 914 ut
551 887 638 913 non
657 887 828 913 omnem
855 887 1004 928 aquam
1028 871 1265 919 exhauriat,
1296 885 1385 927 quae
1412 871 1547 912 dulcis
1572 879 1696 926 atque

337 942 534 1002 potabilis
558 950 633 984 est.
662 942 766 993 Quis
790 950 930 983 autem
954 943 1117 998 ignoret
1139 942 1250 996 quod
1277 941 1400 982 etiam
1423 956 1471 982 ca
1493 955 1583 996 quae
1605 955 1698 982 ma-

340 1013 480 1054 ritima
518 1019 633 1060 sunt,
661 1012 776 1068 aquis
806 1013 1054 1069 plerumque
1087 1011 1280 1052 dulcibus
1303 1011 1597 1052 delectentur?
1620 1011 1698 1052 De-

341 1082 467 1138 nique
509 1083 609 1123 dum
643 1081 815 1122 flumina
849 1090 1110 1138 sequuntur,
1143 1089 1185 1122 et
1217 1082 1267 1122 ad
1302 1081 1515 1137 superiora
1552 1095 1700 1122 ascen-

342 1153 468 1199 dunt,
494 1151 734 1208 frequenter
758 1152 881 1193 alicui
902 1152 1037 1209 pisces
1055 1151 1215 1208 generis
1241 1151 1466 1206 capiuntur
1484 1150 1525 1191 in
1543 1149 1701 1191 fluviis.·
1742 1173 1744 1209 ζ

343 1221 450 1262 Cum
480 1221 569 1262 haec
598 1220 722 1277 igitur
749 1235 872 1262 causa
904 1221 1087 1262 Pontum
1116 1220 1194 1261 illis
1218 1220 1342 1261 saciat
1364 1220 1614 1276 gratiorem,
1635 1220 1704 1261 vel
1740 1218 1744 1275 Ι

347 1290 461 1348 quod
489 1299 611 1332 aestus
639 1298 843 1347 temperet
874 1291 1069 1332 solemnis
1103 1291 1187 1331 illic
1215 1289 1337 1331 ssatus
1360 1290 1588 1346 aquilonis,
1614 1298 1705 1331 tum
1741 1306 1745 1331 1

347 1360 693 1417 opportuniorem
717 1360 877 1401 caeteris
892 1360 1097 1416 judicant,
1120 1360 1160 1400 in
1174 1375 1257 1416 quo
1275 1375 1489 1416 generare,
1505 1368 1545 1401 et
1562 1367 1704 1417 partus

1740 1344 1743 1363 Ι

1740 1373 1744 1407 Ι

350 1430 706 1488 possintproprios
724 1430 928 1478 enutrire,
943 1431 1056 1486 quod
1072 1429 1204 1471 teneri
1222 1431 1344 1470 sortus
1362 1430 1549 1471 laborem
1563 1429 1706 1470 alienae
1740 1424 1744 1475 Ι

348 1500 528 1556 regionis
555 1500 662 1540 serre
680 1499 749 1541 vix
773 1500 934 1557 possint
957 1515 1060 1555 quos
1081 1499 1165 1541 illic
1184 1499 1421 1540 sovet'a'cris
1444 1499 1597 1539 blanda
1621 1499 1707 1538 cle·—
1739 1477 1747 1563 Ξ

1740 1578 1743 1594 Ι

1740 1595 1743 1621 Ι

350 1569 687 1625 mc11ti1.ltaque
710 1578 880 1626 peracto
898 1585 1073 1611 munere
1100 1585 1244 1610 omnes
1262 1569 1388 1610 simul
1409 1584 1458 1610 co
1483 1583 1568 1625 quo
1587 1582 1708 1609 vene·
1746 1591 1747 1603 Ι

350 1648 446 1682 rant
467 1641 630 1696 εκνῑι1ἱοθ
648 1648 929 1682 revertuntur.
1739 1624 1747 1686 ΙΙ

410 1709 551 1752 XXX.
576 1710 779 1761 Quaenam
799 1710 873 1751 ista
888 1710 1055 1752 sitratio
1074 1710 1402 1751 consideremus.
1422 1708 1630 1764 Ohjeetus
1645 1714 1710 1749 est
1739 1694 1747 1764 ΙΙ

351 1780 471 1823 Ponti
490 1779 603 1821 sinus
626 1780 764 1821 boreae
789 1788 1123 1836 caeterorumque
1150 1788 1375 1821 ventorum
1400 1776 1711 1820 iiolentissimis
1739 1770 1747 1827 ,Ι

356 1851 550 1898 flatib1153
581 1852 695 1892 unde
726 1850 860 1907 gravis
888 1850 970 1892 illic
1003 1850 1185 1907 procella
1216 1849 1339 1898 furit,
1370 1857 1411 1890 ct
1439 1839 1743 1911 tempestates}

356 1927 602 1967 moventur,
634 1919 688 1961 ita
716 1927 761 1960 ut
789 1921 840 1961 de
871 1920 1079 1976 profundo
1106 1934 1230 1960 arena
1251 1926 1438 1960 vertatur
1463 1933 1472 1959 :
1497 1917 1626 1973 cujus·
1649 1914 1709 1958 mi
1738 1919 1743 1958 Ι

354 1988 510 2031 fluctus
532 2003 729 2030 arenosus
752 1989 906 2031 indicio
922 1998 999 2037 est,
1019 1989 1090 2046 qui
1110 1997 1335 2031 ventorum
1359 1995 1477 2029 motu
1494 1987 1713 2043 insurgens
1738 1983 1742 2067 Ξ

359 2059 502 2106 altius,
525 2067 616 2100 tum
652 2060 889 2116 pondereD
868 2074 962 2100 ⁰*rai
967 2074 1050 2106 1or
1082 2058 1195 2100 haud
1221 2058 1348 2100 dubie
1374 2072 1459 2099 non
1482 2057 1617 2098 solum
1639 2070 1742 2098 na-

358 2128 618 2186 vigantibus,
643 2129 717 2170 sed
741 2128 868 2170 etiam
895 2128 1113 2170 maritimis
1135 2127 1233 2185 ipsis
1263 2126 1544 2168 animantibus
1564 2125 1718 2166 intole*

347 2187 501 2240 labilis
533 2199 724 2240 habetur.
756 2199 934 2241 Accedit
964 2200 1094 2248 illud,
1119 2199 1233 2254 quod
1256 2197 1434 2254 plurima
1463 2204 1504 2238 et
1536 2194 1742 2237 maxima}

360 2268 492 2312 Ponto
522 2268 696 2311 ssumina
727 2269 1007 2318 misceantur,
1043 2283 1141 2310 cum
1172 2268 1366 2324 hyberno
1393 2274 1590 2322 tempore
1607 2260 1742 2306 sinus'

363 2337 449 2396 ipse
470 2339 659 2397 frigidior
674 2340 925 2382 torrentium
946 2340 1123 2396 rigescat
1145 2340 1325 2394 allapsu3
1350 2334 1740 2396 propterea-pisces:

367 2415 566 2465 tanquam
595 2409 739 2451 arbitri
765 2409 1052 2457 fluentorum,
1070 2415 1225 2450 aestate
1258 2407 1342 2448 illic
1375 2404 1592 2463 aspirantis
1613 2398 1741 2464 auraei

370 2479 638 2521 clementiam
669 2488 838 2536 captare
858 2485 1196 2521 consucweiunt
1221 2476 1342 2533 cuju-s
1367 2475 1612 2517 amoenitate
1626 2486 1740 2546 pen-

368 2547 502 2589 suncti
525 2563 678 2591 rursus
684 2548 848 2606 hyemis
880 2564 1024 2606 aspera
1042 2547 1254 2590 declinare
1271 2547 1559 2592 contendssunt
1577 2551 1634 2585 et
1629 2530 1740 2599 sep-¹,²

365 2618 630 2661 tentrionalis
650 2621 788 2678 plagae
801 2634 917 2663 saeva
927 2617 1181 2678 fugientes,
1172 2633 1214 2659 m
1232 2617 1428 2674 reliquos
1433 2632 1479 2659 se
1494 2615 1616 2657 sinus
1626 2606 1739 2663 ωτι-Ι

1737 2089 1742 2143 Ι

1738 2146 1742 2167 Ι
