1742 3233
301 289 386 331 602
847 306 877 333 s.
918 305 1106 334 Attianosn

303 389 415 430 tute,
434 381 721 438 compleamus
745 382 787 423 in
808 391 1033 425 senectute.
1059 381 1084 424 J
1089 397 1155 425 am
1170 383 1283 424 enim
1300 383 1458 434 securis
1477 387 1528 428 ad
1545 387 1654 430 radi-

302 466 395 495 cem
416 453 579 497 arboris
599 453 730 510 posita
756 462 818 495 est
832 471 843 502 3
862 463 909 496 ut
932 455 1001 511 qui
1024 454 1122 495 facit
1138 487 1148 502 ‚
1172 454 1358 497 fructum
1381 456 1499 500 ferat.
1526 458 1655 509 Adul-

300 530 384 563 tam
403 521 528 563 etiam
545 534 836 579 maturamque
857 532 1040 582 segetem
1063 531 1247 566 nostram
1270 540 1428 567 messor
1449 526 1652 576 inveniam

299 599 348 632 ut
369 599 554 642 maturos
579 591 739 634 fructus
765 593 808 634 in
832 593 1045 650 apothecis
1074 595 1297 642 recondat,
1322 610 1375 636 ne
1408 595 1656 639 immaturos

299 660 447 717 hyems
468 662 774 719 deprehendat,
805 671 952 704 ventus
976 663 1182 712 decutiat,
1207 664 1346 722 pluvia
1367 674 1622 722 corrumpat.

358 730 503 775 LXVI.
542 731 628 787 Ego
659 739 797 772 tamon
832 731 1011 773 arbitror
1040 729 1267 789 significari
1291 733 1420 790 magis
1448 733 1559 775 inter
1583 736 1656 777 acl—

301 807 473 840 ventum
489 799 657 841 Domini
678 800 882 857 priorem,
899 809 940 842 et
961 803 1193 843 secundum
1207 834 1218 849 ,
1237 802 1306 858 qui
1330 802 1494 845 futurus
1516 812 1578 845 est
1594 804 1658 861 ju-

301 868 399 909 dicii
417 869 524 917 dies,
550 877 713 926 tempus
729 870 929 911 medium.
953 871 1052 911 Ideo
1069 870 1181 912 enim
1199 879 1241 912 et
1265 873 1315 913 ad
1339 873 1434 914 solis
1459 888 1657 915 occasum

302 937 389 979 viro
414 938 653 994 hujusmodi
676 939 809 981 sactus
832 947 894 981 est
922 954 1052 997 pavor
1068 955 1266 997 magnus,
1291 941 1388 997 quia
1403 973 1413 989 ,
1439 942 1658 985 occidente

298 1007 385 1065 jam
406 1010 586 1058 mundo,
604 1009 794 1050 futurum
817 1008 1070 1050 sacrificium
1094 1010 1405 1058 declarabatur,
1432 1025 1516 1067 quo
1539 1025 1659 1062 mun·—

227 1094 229 1096 ·
278 1130 280 1132 q
302 1078 378 1118 dus
400 1077 690 1127 redimeretur,
714 1078 817 1120 fides
839 1087 947 1120 esset
963 1079 1120 1127 hostia,
1141 1093 1233 1135 quae
1253 1094 1338 1120 non
1357 1079 1616 1122 divideretur
1637 1096 1659 1122 a

304 1146 398 1189 filiis
426 1147 617 1190 Abrahae.
648 1149 753 1191 Nam
782 1149 852 1204 qui
875 1164 969 1189 eam
1007 1148 1222 1197 dividunt,
1256 1164 1339 1190 non
1363 1157 1459 1190 sunt
1479 1149 1659 1191 Abrahae

303 1215 390 1257 filii.
414 1217 538 1258 Fides
563 1226 830 1274 comparatur
851 1233 981 1275 regno
1007 1220 1211 1260 coelorum
1231 1233 1239 1259 :
1259 1218 1436 1260 «Simile
1462 1226 1525 1260 est
1547 1218 1661 1260 enim

303 1305 319 1325 »
334 1302 510 1344 regnum
533 1290 737 1330 coelorum
755 1303 882 1345 grano
898 1289 1122 1345 sinapis...,
1148 1306 1162 1326 ¹>
1177 1297 1217 1329 et
1231 1306 1246 1325 «
1259 1289 1401 1330 Simile
1412 1297 1473 1330 est
1486 1304 1660 1345 regnum

302 1375 318 1396 »
333 1359 536 1399 coelorum
558 1357 829 1415 negotianti¹,
849 1376 864 1396 »
878 1358 949 1414 qui
969 1359 1071 1399 emit
1098 1373 1267 1415 agrum,
1286 1366 1339 1399 et
1361 1358 1518 1400 invenit
1543 1359 1584 1400 in
1610 1375 1660 1400 eo

301 1427 569 1484 margaritam
598 1428 835 1485 pretiosam.
862 1428 1055 1485 Regnum
1090 1430 1294 1469 coelorum
1328 1428 1551 1469 indivisum
1573 1437 1658 1476 θεὶς

301 1498 395 1553 quia
425 1513 600 1555 regnum
625 1499 838 1540 Trinitatis
861 1514 995 1546 unum
1032 1508 1106 1540 est.
1140 1500 1239 1542 Ideo
1261 1507 1515 1556 perpetuum
1537 1507 1661 1556 atque

300 1577 503 1610 :eternum
520 1602 530 1618 ,
549 1569 645 1625 quia
668 1569 912 1617 indivisum3
932 1584 1058 1610 omne
1079 1570 1191 1611 enim
1215 1585 1390 1626 reguum
1409 1569 1585 1611 divisum
1602 1563 1661 1612 sa-

303 1639 381 1680 cile
414 1640 664 1681 destruetur.
700 1639 844 1681 Hostia
871 1639 997 1680 etiam
1020 1639 1127 1680 soret
1150 1638 1350 1696 pudicitia
1379 1638 1573 1681 Trinitati
1597 1640 1661 1681 di-

304 1716 394 1750 cata
410 1742 420 1757 ,
439 1716 535 1766 post»
550 1709 654 1750 illud
676 1708 952 1757 sacrificium,
971 1708 1109 1750 vitulae
1130 1723 1299 1765 quoque
1321 1723 1396 1765 pro
1418 1708 1632 1750 laboribus
1649 1741 1658 1756 ‚

299 1779 394 1833 quia
417 1778 683 1820 sacerdotalis
707 1786 769 1820 est
790 1778 959 1820 victima
981 1793 989 1819 :
1011 1793 1146 1837 caprae
1165 1786 1327 1826 autem,
1352 1778 1453 1836 quia·
1466 1793 1542 1836 pro
1566 1793 1661 1838 pec-

302 1848 404 1889 catis
429 1848 563 1891 hostia
588 1863 597 1889 t
623 1848 787 1897 arietis,
820 1849 914 1904 quia
937 1863 1012 1905 pro
1040 1849 1154 1890 omni
1181 1850 1340 1890 mundo
1358 1881 1368 1896 ‚
1398 1858 1439 1890 et
1460 1864 1536 1912 pro
1564 1849 1661 1907 ipsis

302 1919 499 1960 arietibus
524 1920 588 1960 vel
620 1918 886 1967 coelestibus,
912 1934 996 1959 non
1028 1920 1162 1960 solun}
1194 1934 1270 1975 pro
1292 1918 1557 1968 hominibus,
1582 1934 1660 1960 nee

304 1991 438 2030 solum
470 2005 546 2046 pro
577 1989 713 2046 agnis,
743 1991 812 2031 sed
843 1989 967 2030 etiam
1000 2005 1075 2045 pro
1100 1989 1387 2046 hoedis,‚quos
1416 1989 1660 2045 peccatricis

296 2059 573 2116 generationis
604 2060 752 2100 foetore
784 2059 909 2100 exuit.
946 2058 1211 2101 Testisicatur
1238 2060 1459 2100 oraculum
1493 2058 1659 2100 futuros

300 2130 437 2171 adhuc
461 2129 502 2170 in
524 2138 634 2170 terra
663 2129 896 2170 afflictionis
921 2128 1099 2170 Abrahae
1124 2127 1251 2175 fitios;
1278 2128 1377 2169 utin
1400 2144 1533 2185 agone
1553 2131 1660 2170 mul-

270 2244 272 2246 ,
300 2208 438 2241 torum
471 2208 512 2241 et
547 2199 734 2257 gravium
767 2198 1046 2240 certaminum
1080 2213 1122 2239 se
1149 2198 1331 2254 probent
1357 2200 1369 2238 ':
1403 2197 1444 2239 et
1477 2198 1531 2239 ita
1559 2213 1658 2239 cum

251 2290 254 2291 ⁷
298 2271 429 2312 multa
472 2268 743 2326 supellectili,
783 2282 1006 2309 aureorum
1047 2276 1088 2309 et
1129 2275 1425 2323 argenteorum
1464 2283 1657 2315 vasorum

300 2339 440 2396 spoliis
467 2337 615 2396 opimis
637 2346 786 2379 exeant
808 2347 850 2379 et
877 2345 1138 2379 revertantur
1160 2337 1328 2386 animae,
1359 2345 1483 2398 atque
1509 2346 1660 2379 exeant

298 2407 477 2467 pretiosa
495 2409 755 2467 possidentes
773 2422 949 2465 corpora
968 2407 1224 2449 diversarum
1243 2407 1448 2458 virtutum
1464 2439 1474 2456 ,
1500 2416 1542 2450 et
1556 2398 1660 2467 praess

299 2480 421 2538 cipue
452 2478 706 2521 castimoniae
733 2478 1044 2535 possessionum
1077 2477 1273 2519 thesauro
1305 2479 1490 2535 repleta,
1520 2493 1658 2536 sump-

300 2558 403 2592 turae
426 2550 552 2591 etiam
585 2548 738 2590 Christi
766 2548 924 2604 judicio
949 2549 999 2590 de
1027 2547 1216 2596 diabolo,
1242 2555 1283 2588 et
1312 2542 1403 2603 ejus
1433 2547 1654 2596 ministris,

347 2651 355 2666 ¹
376 2642 494 2675 Matth.
513 2652 585 2679 xm,
606 2641 658 2678 51,
675 2646 705 2673 et
720 2640 776 2679 45,
793 2640 846 2678 46.
