1742 3233
290 228 377 283 490
838 245 869 271 s.
910 245 1097 272 AMBROSII

292 320 453 376 plantet
469 320 652 377 vestigia,
672 334 924 378 sensumque
940 322 1181 379 perturbet:
1202 322 1329 364 altera
1347 337 1438 379 quae
1452 333 1641 367 mentem

291 388 454 430 virtutis
480 397 650 447 vaporet
677 390 832 447 gratia,
867 399 909 433 et
937 406 1105 432 omnem
1134 390 1421 434 infirmitatem
1452 392 1641 435 videatur

291 467 489 501 avertere.
524 459 642 501 [nde
665 459 887 518 Apostolus
911 460 965 502 ait
985 476 994 502 τ
1026 479 1040 498 «
1062 460 1169 503 Vino
1186 461 1353 503 modico
1377 470 1494 504 utere
1511 478 1642 520 prop-

291 535 386 568 »ter
407 527 645 584 frequentes
676 537 767 571 tuas
793 528 1057 572 infirmitates
1079 528 1110 571 ¹.
1138 549 1152 569 »
1184 529 1303 572 Sicut
1332 530 1445 572 enim
1476 530 1554 572 isto
1576 531 1643 572 bi-

289 596 417 639 bendi
437 599 724 640 moderamine
744 599 888 640 vinum
912 615 995 642 non
1018 598 1249 641 infirmitati
1277 608 1340 642 est
1358 633 1369 650 ,
1394 601 1466 642 sed
1484 600 1637 654 saluti,

291 675 415 723 atque
448 682 617 709 omnem
656 667 943 710 infirmitatem
979 670 1127 729 allevat
1158 669 1344 726 corporis
1372 685 1381 710 :
1426 669 1481 711 ita
1517 670 1643 711 etiam

291 736 470 778 ebrietas
513 737 582 778 illa
624 738 822 794 praeclara
866 752 1035 780 omnem
1073 737 1359 780 infirmitatem
1396 739 1532 780 carnis
1570 754 1644 780 ex-

291 805 452 854 cludit,
489 807 541 847 de
579 821 659 862 qua
692 806 894 864 scriptum
926 815 988 848 est
1016 822 1025 848 :
1063 824 1078 844 «
1109 807 1162 848 Et
1196 808 1397 864 poculum
1433 807 1644 850 inebrians

291 890 447 931 »quam
470 877 720 933 praeclarum
741 885 803 918 est
820 875 832 896 2
850 877 858 917 !
879 895 894 915 »
917 876 1021 928 Quae
1039 876 1176 918 sitista
1199 876 1409 919 ebrietas?
1428 878 1646 920 «Inebria-

292 962 308 984 »
321 945 446 995 mini,
479 945 640 1002 inquit,
667 961 752 987 non
775 946 897 995 vino,
928 946 970 988 in
994 961 1076 1002 quo
1103 954 1164 988 est
1188 946 1351 989 luxuria
1372 962 1381 988 :
1402 947 1475 989 sed
1496 947 1646 1006 imple-

293 1014 424 1056 »mini
466 1014 624 1072 Spiritu
653 1024 797 1058 sancto
826 1014 865 1064 ³,
902 1034 918 1054 »
953 1015 1061 1057 sicut
1085 1015 1309 1073 Apostolus
1349 1015 1462 1058 dixit.
1502 1015 1556 1058 Et
1579 1031 1647 1059 se-

293 1085 481 1126 cundum
507 1085 689 1127 litteram
718 1086 842 1142 igitur
869 1085 1007 1126 cautio
1024 1093 1108 1135 est,
1136 1094 1179 1127 et
1202 1086 1435 1127 secundum
1457 1084 1647 1128 altiorem

292 1153 488 1211 sapientis
501 1170 684 1203 sensum,
699 1154 882 1197 laudatio
899 1162 974 1196 est.
999 1153 1155 1196 Cautus
1168 1162 1230 1196 est
1246 1154 1333 1211 qui,
1351 1154 1428 1196 etsi
1441 1155 1644 1204 nudatur,

291 1221 334 1264 in
356 1223 482 1264 domo
503 1231 646 1265 tamen
670 1224 855 1265 nudatur
875 1238 965 1271 sua,
990 1223 1062 1264 ubi
1084 1223 1343 1280 operimenta
1369 1238 1456 1265 non
1482 1223 1642 1274 desint,

291 1300 333 1333 et
343 1292 533 1349 quaedam
547 1293 730 1350 tegmina
740 1293 973 1340 ebrietati53
986 1301 1033 1334 ut
1044 1292 1141 1334 vitia
1159 1307 1232 1334 sua
1242 1292 1353 1335 norit
1367 1291 1640 1336 abscondere.

348 1362 479 1406 CXII.
519 1362 761 1420 Corporalia
783 1363 910 1421 igitur
930 1362 1093 1403 nudum
1120 1377 1273 1420 corpus
1295 1370 1466 1420 tegunt,
1492 1371 1540 1404 ut
1569 1377 1647 1421 pa-

287 1431 413 1474 rietes
437 1441 479 1475 et
504 1440 636 1474 tecta:
667 1433 814 1474 animae
837 1440 979 1474 autem
1000 1447 1092 1489 quae
1117 1431 1199 1474 sint
1220 1432 1482 1489 operimenta
1503 1432 1645 1476 videa-

288 1516 394 1544 mus.
423 1501 507 1544 Sed
521 1511 623 1545 tunc
644 1503 904 1560 operimenta
925 1502 1173 1561 reperimus,
1193 1502 1226 1544 si
1242 1502 1542 1545 enudationem
1555 1503 1646 1560 ejus

288 1571 617 1614 discusserimus.
656 1572 834 1614 Gemina
866 1581 1005 1614 autem
1029 1571 1202 1614 nudatio
1229 1572 1440 1629 sapientis.
1467 1572 1645 1616 Gemino

289 1642 416 1701 igitur
434 1643 589 1699 amictu
607 1658 725 1685 mens
738 1650 880 1684 nostra
896 1643 1087 1691 vestitur,
1107 1641 1139 1684 si
1162 1650 1233 1684 aut
1255 1650 1478 1699 peccatum
1490 1642 1648 1700 impru-

289 1713 390 1754 dens
405 1711 643 1760 admiserit3
663 1711 753 1754 haec
769 1720 830 1753 est
847 1712 959 1753 enim
976 1711 1175 1753 enudatio
1193 1713 1306 1753 velut
1326 1711 1452 1753 ebriae
1469 1711 1622 1754 mentis
1634 1745 1644 1760 ‚

287 1791 335 1825 ut
355 1783 515 1825 nesciat
538 1783 653 1839 quod
679 1782 916 1839 delinquat,
940 1782 1057 1838 quasi
1080 1797 1171 1838 quae
1198 1781 1441 1824 temulentia
1465 1783 1645 1838 quadam

286 1852 529 1910 ignorantiae
561 1853 603 1893 in
633 1852 780 1893 vitium
812 1853 992 1894 deducta
1016 1852 1211 1894 labatur:
1243 1860 1314 1893 aut
1342 1867 1486 1893 rursus
1512 1851 1648 1910 negli-

289 1922 437 1980 gentiae
465 1930 507 1964 et
537 1921 779 1979 ignorantiae
813 1937 960 1963 somno
995 1924 1155 1978 sepulta
1189 1937 1377 1963 errorem
1405 1937 1529 1963 suum
1561 1937 1646 1964 non

290 1992 461 2034 nesciat.
498 1992 603 2043 Quae
634 2007 732 2032 cum
758 1991 1054 2040 inciderimus,
1087 1991 1170 2033 imo
1204 2007 1301 2033 cum
1327 2001 1500 2049 peccata
1526 1993 1646 2050 plura

292 2062 564 2105 inciderimus
588 2061 713 2103 etiam
730 2077 805 2119 per
827 2061 1045 2103 scientiam
1067 2060 1157 2116 (est
1177 2061 1289 2102 enim
1310 2062 1511 2103 naturalis
1532 2077 1647 2119 quae-

287 2134 384 2176 dam
407 2132 532 2174 otiam
554 2140 704 2173 nostrae
721 2130 972 2172 infirmitatis
990 2130 1168 2173 ebrietas
1184 2163 1194 2179 ,
1214 2138 1261 2172 ut
1278 2131 1437 2189 impetu
1459 2132 1648 2174 delecta-2-

290 2202 414 2243 tionis
440 2201 625 2242 feramur
654 2201 695 2242 in
722 2200 868 2241 vitium
885 2233 896 2249 ‚
931 2201 1039 2241 sicut
1067 2201 1255 2257 plerique
1283 2200 1456 2256 juvenili
1483 2201 1647 2243 accensi

292 2272 447 2318 calore,
474 2279 544 2312 aut
571 2269 732 2312 luxuria
753 2278 794 2311 et
819 2269 1097 2311 delectatione
1118 2269 1345 2318 flammati,
1372 2278 1443 2311 aut
1467 2269 1646 2312 avaritiae

289 2340 397 2397 rapti
419 2339 674 2397 cupiditate)
699 2347 811 2381 certe
831 2339 1025 2405 omnihus
1043 2339 1107 2380 his
1129 2340 1335 2381 medicina
1353 2348 1580 2396 quaeratur,
1600 2348 1646 2381 ut

293 2409 439 2466 aliquis
466 2417 577 2466 tegat
607 2408 852 2466 hujusmodi
880 2407 1166 2451 infirmitatem
1190 2425 1331 2460 suam,
1361 2410 1544 2468 primum
1567 2425 1646 2468 pu-

290 2479 394 2522 dore
425 2480 609 2536 quodam
643 2488 686 2521 et
714 2479 966 2523 verecundia
993 2496 1003 2528 ;
1039 2488 1087 2521 ut
1121 2480 1283 2522 etiamsi
1318 2480 1360 2523 in
1390 2479 1554 2524 lubrico
1593 2479 1645 2522 sit

338 2578 347 2592 ¹
370 2579 382 2601 1
400 2569 485 2602 Tim.
501 2581 552 2608 ιιι,
569 2570 621 2603 23.
637 2588 677 2596 —
693 2581 704 2596 ²
721 2569 804 2604 Psal.
821 2581 901 2608 xxu,
916 2570 948 2603 5.
962 2588 1002 2596 -
1018 2571 1033 2595 ³
1048 2569 1166 2612 Ephes.
1181 2580 1213 2611 v,
1233 2570 1279 2603 18.

1740 2295 1742 2309 -
1741 2268 1742 2273 Α
1737 1975 1742 2257 ᾼ,.-.....-,--..-
1733 1521 1742 1966 mmm—ffl-
