1742 3233
308 258 397 301 652
915 272 1055 302 murex.

347 349 430 382 cium
455 358 517 380 non
543 346 709 390 probatur,
731 357 802 379 cum
827 347 1044 390 pulcherrima
1060 347 1193 380 istorum
1217 345 1329 378 morali
1355 346 1554 389 interpretass

353 403 452 435 tione.
1512 396 1515 397 ⁷
1600 402 1663 445 39'6

305 457 415 488 Cum-r
436 455 513 487 VII.
533 456 638 487 Deum
657 476 666 493 ,
694 454 747 496 qui
764 454 797 485 in
814 453 939 486 Adamo
956 453 1064 486 docuit
1079 465 1143 485 non
1161 455 1375 497 peccandum,
1397 454 1430 486 in
1450 455 1555 487 Caino

348 509 491 541 docuisse
511 520 576 540 non
603 508 837 540 defendendum
862 514 1039 551 peccatum.
1068 509 1110 541 Et
1130 508 1174 540 ibi
1196 519 1290 552 quam
1306 509 1444 552 proclive
1460 509 1501 541 sit
1514 508 1554 540 ab

350 562 515 603 impietate
528 562 558 592 in
574 561 635 593 alia
650 561 766 593 scelera
783 562 989 603 praecipitari.
1601 561 1660 599 4οι

310 616 420 647 (ῙΑνυτ
437 615 538 647 vl11.
557 615 655 651 Cain,
671 614 891 647 admonitione
906 621 1024 658 spreta,
1043 615 1243 648 insolentiam
1259 622 1289 648 et
1313 616 1432 647 crimen
1449 620 1555 657 auget.

349 668 501 709 Ejusdem
530 668 658 709 verbis,
683 668 804 700 Eamus
827 668 859 700 ἱη
882 668 1244 711 εαιτιριιγιι,;5ῑῧηίίὶοετί
1262 669 1439 701 offenditur
1454 667 1561 710 pravis

353 721 532 753 actionibus
551 720 758 753 desertalora
774 726 806 753 et
820 722 940 753 sterilia
956 722 1136 755 convenire.
1368 716 1370 718 ’
1605 720 1667 758 402

309 775 419 805 CAPUT
436 774 496 805 IX.
519 774 624 805 De'um
641 774 852 816 interrogasse
878 776 1015 807 Cainum
1027 800 1036 816 ,
1057 787 1121 807 non
1140 781 1173 808 ut
1198 775 1355 812 disceret,
1369 775 1424 808 sed
1440 781 1475 807 ut
1489 786 1560 807 eum

353 829 393 860 ad
414 827 632 860 confitendum
656 828 835 860 induceret.
871 829 976 870 Hujus
1003 830 1166 871 responsio
1189 830 1221 861 in
1247 831 1351 861 Deum
1367 840 1403 861 ac
1415 835 1562 861 naturam

352 882 472 924 impia;
495 882 587 924 eique
609 883 753 924 opposita
772 882 830 914 Dei
858 883 1021 924 responsio
1037 883 1256 924 germanitatis
1273 883 1422 925 pietatem
1439 882 1563 924 egregie

352 937 467 968 docere
495 936 685 968 ostenditur.
720 937 746 968 A
778 937 848 968 Deo
883 936 985 977 justos
1013 937 1114 968 audiri
1155 938 1250 969 etiam
1281 943 1422 970 mortuos
1435 959 1445 976 ‚
1477 936 1562 979 quod

353 990 505 1021 nimirum
521 990 549 1022 ei
565 990 696 1028 vivant,
724 995 755 1021 et
778 995 963 1032 peccatores
986 991 1105 1023 mortui
1132 991 1209 1023 sint.
1240 992 1308 1023 Hos
1324 991 1413 1023 malis
1426 1000 1562 1032 praesen-

355 1044 440 1075 tibus
453 1054 488 1076 ac
505 1044 894 1083 suturiscruciari„magis
910 1050 1018 1075 tamen
1035 1044 1198 1075 sollicitari
1214 1043 1435 1085 praesentibus.
1608 1043 1671 1080 404

312 1098 424 1131 Can-T
442 1098 486 1128 X.
509 1096 569 1127 Dei
588 1095 818 1134 comminatio,
844 1096 882 1126 Si
909 1096 978 1136 quis
1005 1097 1149 1128 occiderit
1175 1097 1273 1134 Cai'n,
1302 1103 1377 1136 etc„
1402 1096 1564 1128 moraliter

360 1151 556 1192 explicatum
572 1149 604 1180 in
618 1149 707 1191 signo
719 1148 822 1191 posito
834 1159 928 1191 super
940 1149 1053 1181 eodem
1070 1150 1176 1182 divina
1192 1150 1357 1183 clementia
1374 1151 1565 1188 declaratur,

357 1205 436 1236 sicut
454 1209 487 1236 et
502 1204 534 1235 in
550 1213 590 1235 eo
607 1203 700 1234 Cai'ni
723 1202 902 1242 dementia,
929 1203 1015 1245 quod
1040 1209 1176 1235 mortem
1200 1204 1407 1246 temporalem
1429 1204 1498 1246 plus
1523 1203 1567 1235 ti-

359 1257 476 1290 muerit
489 1279 499 1296 ,
520 1267 615 1300 quam
636 1262 800 1288 aeternam.
818 1257 908 1287 Hinc
925 1256 1058 1298 pulchre
1076 1256 1239 1289 disseritur
1255 1258 1295 1288 de
1309 1257 1564 1300 incorruptibili-

352 1316 418 1343 tate
434 1311 560 1349 animae,
573 1321 609 1342 ae
625 1309 729 1342 futura
743 1310 895 1343 vita.Tan
902 1309 973 1342 dem
983 1310 1139 1351 judicium
1152 1321 1215 1342 non
1229 1320 1433 1353 praepropere
1449 1310 1560 1343 seren-

353 1364 439 1401 dum,
458 1374 517 1397 nec
530 1373 636 1396 rursus
647 1363 785 1397 inultum
799 1365 879 1396 crim
888 1374 930 1396 en
943 1363 1112 1396 sinendum
1123 1374 1189 1397 esse
1205 1364 1390 1397 ostenditur.
1609 1362 1672 1406 409

707 1720 788 1763 DE
824 1720 949 1764 Non
982 1687 1058 1763 ET
1093 1696 1271 1763 ARCA‘

847 1897 980 1929 LIBER
1006 1895 1140 1930 UNUS.

312 2064 425 2096 Capu-r
454 2062 486 2095 1.
514 2060 586 2093 Noe
609 2060 714 2092 virum
739 2059 859 2101 justum
882 2057 936 2101 qui
965 2057 1004 2090 ad
1027 2056 1247 2090 renovandum
1266 2067 1372 2090 semen
1395 2056 1561 2090 hominum

357 2116 486 2148 relictus
510 2114 571 2146 fuit
583 2136 593 2153 ,
617 2113 761 2145 omnium
783 2111 958 2144 imitationi
987 2111 1230 2153 proponendum
1247 2121 1336 2148 esse3
1355 2115 1390 2142 ut
1406 2116 1438 2143 et
1452 2121 1511 2142 nos
1527 2110 1568 2141 ab

358 2169 445 2201 omni
467 2167 556 2201 istius
566 2167 682 2202 mundi
697 2165 930 2204 sollicitudine,
950 2170 1048 2208 atque
1065 2164 1214 2207 operibus
1232 2163 1409 2207 iniquitatis
1422 2163 1566 2206 requies-

357 2233 477 2256 camus.
1608 2216 1672 2258 4ιῦ

312 2277 419 2310 (Ξηυτ
436 2276 482 2307 ΙΙ.
501 2274 590 2315 Quid
608 2274 738 2306 nomina
754 2274 895 2306 filiorum
908 2273 977 2305 Noe
995 2272 1194 2316 significent3
1212 2272 1329 2316 quidve
1343 2271 1423 2304 ordo
1437 2281 1502 2314 quo
1516 2270 1570 2302 illa

354 2329 586 2363 recensentur?
607 2328 645 2359 Id
665 2328 811 2369 exemplo
827 2327 991 2360 instructae
1007 2327 1099 2366 aciei,
1117 2337 1153 2358 ac
1168 2331 1289 2358 naturae
1306 2325 1403 2368 ipsius
1418 2323 1566 2357 instituto

356 2382 539 2425 exponitur.
561 2381 712 2424 Denique
727 2381 829 2413 curin
844 2381 1045 2413 declarandis
1061 2391 1172 2412 eorum
1190 2378 1448 2422 generationibus
1461 2378 1569 2410 inrer-

355 2437 442 2470 tatut
460 2436 558 2474 ordo,
576 2435 644 2468 suse
660 2436 854 2468 declaratur.
1609 2430 1672 2471 4ι5

310 2493 420 2525 CArur
440 2491 509 2521 111.
538 2490 696 2522 Secuturo
714 2489 835 2521 diluvio
857 2489 1037 2521 universam
1053 2488 1293 2529 generationem
1306 2486 1377 2519 ideo
1391 2485 1570 2518 abundasse

354 2546 495 2578 filiorum
519 2543 743 2586 procreatione
755 2568 764 2580 ‚
782 2548 818 2575 ut
832 2542 918 2575 bona
938 2552 1085 2574 concessa
1103 2541 1219 2574 divinae
1234 2539 1434 2583 benignitati,
1452 2539 1563 2573 eadem

353 2603 500 2634 revocata
516 2609 552 2633 ac
567 2608 676 2642 poenas
691 2598 846 2640 irrogatas
858 2603 976 2632 nostrae
991 2596 1159 2640 iniquitati
1176 2597 1377 2640 imputemus.
1604 2593 1668 2635 4¹7
