1747 3260
360 288 443 347 176
903 304 933 330 5.
973 304 1162 332 AMssnosn

354 380 520 422 fuerant
541 386 657 421 ortus
674 379 736 421 sui
756 388 942 436 tempore
960 381 1200 437 regionibus
1223 383 1398 439 separati
1422 385 1529 427 inter
1549 402 1590 428 se
1612 402 1708 429 con-

353 449 561 498 venerint,
588 457 630 491 et
650 450 682 491 si
705 449 767 491 vir
789 451 840 491 ad
860 451 1078 507 peregrina
1103 453 1382 502 contenderit,
1407 457 1522 497 nulla
1545 453 1710 514 longiu-

353 521 513 576 quitas,
552 521 665 561 nulla
698 520 884 562 absentia
917 521 1211 578 complacitam
1245 522 1406 565 minuat
1439 525 1702 568 charitatem.

349 591 508 632 Eadem
529 591 595 631 lex
610 598 834 646 praesentes
851 590 1124 647 absentesque
1141 593 1354 634 connectit
1375 608 1383 633 ε
1412 593 1525 635 idem
1543 603 1708 637 natura}

350 662 568 703 vinculum
598 660 706 700 inter
729 660 926 701 distantes
948 669 989 702 et
1012 661 1286 702 consistentes
1320 662 1549 719 conjugalis
1571 664 1711 706 chari-

352 733 447 773 tatis
471 731 563 787 jura
586 729 831 771 constrinxit
850 744 859 770 :
883 731 1031 771 eodem
1050 731 1150 787 jugo
1169 732 1472 773 benedictionis
1491 733 1709 789 utriusque

351 802 460 843 colla
482 800 711 846 sociantur,
730 799 891 840 etiamsi
915 801 1018 840 alter
1040 801 1164 842 obeat
1187 810 1471 858 separatarum
1490 803 1710 859 regionum

351 871 475 927 longa
498 868 696 915 divortia;
720 868 817 925 quia
843 883 927 909 non
952 870 1138 926 corporis
1162 871 1341 919 cervice,
1365 874 1439 913 sed
1465 873 1616 914 mentis
1642 873 1712 930 ju—

350 957 450 999 gum
467 940 606 998 gratiae
626 946 887 996 receperunt.
910 937 1061 996 Vipera
1080 939 1382 995 nequissimum
1400 956 1530 997 genus
1546 942 1708 991 bestiae,

351 1021 394 1054 et
422 1027 545 1068 super
576 1009 715 1051 omnia
745 1024 836 1065 quae
863 1009 1089 1066 serpentini
1113 1018 1210 1051 sunt
1237 1010 1400 1066 generis
1424 1010 1614 1060 astutior,
1641 1010 1711 1052 ubi
1746 1031 1747 1063 3

355 1081 537 1125 co’enndi
562 1080 835 1136 cupiditatem
860 1079 1151 1136 assumpserit,
1176 1095 1372 1120 muraenae
1396 1080 1613 1122 maritimae
1634 1095 1713 1121 no-
1745 1107 1747 1125 ;

353 1160 441 1196 tam
459 1151 535 1193 sibi
557 1149 731 1206 requirit
748 1150 960 1206 copulam,
980 1151 1046 1192 vel
1066 1164 1216 1191 novam
1235 1158 1461 1207 praepamt3
1479 1165 1713 1208 progressa·
1745 1169 1747 1171 >

351 1238 464 1279 que
453 1222 505 1263 ad
524 1222 655 1269 littus,
682 1219 800 1260 sibilo
822 1218 1042 1260 testificata
1059 1220 1322 1276 praesentiam
1339 1219 1419 1267 sui,
1440 1220 1492 1260 ad
1511 1219 1714 1276 conjuga—

351 1294 437 1335 lem
459 1292 698 1347 amplexum
725 1289 838 1329 illam
859 1297 1017 1329 exocat.
1057 1288 1239 1330 Muraena
1264 1298 1404 1330 autem
1428 1289 1602 1330 invitata
1626 1304 1714 1331 non
1740 1282 1745 1335 ξ

355 1364 488 1409 deest,
525 1367 566 1401 et
594 1366 807 1401 venenatae
845 1357 1027 1414 serpenti
1057 1358 1260 1414 expetitos
1292 1374 1391 1399 usus
1424 1374 1507 1400 suae
1529 1357 1743 1423 impertit}

352 1429 679 1489 conjunctionis,
704 1428 819 1478 Quid
836 1428 913 1468 sibi
933 1429 1019 1469 vult
1035 1443 1171 1468 sermo
1188 1428 1447 1483 hujusmodi,
1472 1427 1550 1469 nisi
1573 1428 1713 1469 sercn-
1737 1439 1742 1479 ί

352 1505 429 1546 dos
456 1516 545 1543 esse
569 1514 705 1540 mores
727 1497 982 1554 conjugun13
1008 1497 1084 1538 etsi
1107 1498 1257 1539 absens
1278 1506 1356 1546 est,
1381 1498 1471 1554 ejus
1493 1497 1712 1554 opperien-
1737 1483 1740 1542 l

353 1574 452 1616 dam
464 1569 744 1628 praesentiam,
765 1567 923 1608 sitlicet
937 1582 1071 1624 asper,
1086 1567 1223 1616 fallax,
1238 1568 1491 1617 inconditus,
1507 1568 1704 1614 lubricus,
1734 1556 1739 1634 f

352 1639 637 1686 temulentus?
655 1638 769 1690 Quid
783 1637 904 1695 pejus
927 1653 1104 1685 veneno,
1128 1639 1241 1694 quod
1264 1638 1304 1678 in
1329 1638 1509 1695 conjuge
1525 1652 1712 1679 muraena

351 1729 442 1757 non
482 1709 659 1767 refugit?
696 1708 852 1751 Vocata
884 1722 968 1748 non
1004 1708 1145 1754 deest,
1183 1715 1225 1748 et
1259 1708 1463 1764 serpentis
1499 1707 1711 1749 lubricum

353 1785 499 1826 sedula
518 1780 719 1822 charitate
737 1777 1044 1834 complectitur.
1065 1777 1138 1817 Ille
1157 1784 1226 1817 tua
1248 1778 1355 1818 mala
1376 1785 1531 1834 portat,
1552 1785 1594 1818 et
1609 1777 1714 1818 levi-

354 1854 450 1897 tatis
473 1851 678 1894 foemineae
701 1848 943 1890 facilitatem
971 1862 980 1888 z
1015 1856 1060 1888 tu
1083 1847 1218 1888 virum
1255 1855 1374 1888 tuum
1406 1863 1489 1889 non
1521 1855 1654 1904 potes,
1688 1861 1712 1888 o

340 1925 525 1971 'mulien
553 1918 784 1963 sustinere?
807 1917 941 1962 Adam
963 1933 1036 1974 por
1052 1917 1180 1959 Evam
1204 1919 1402 1974 deceptus
1425 1927 1504 1966 est,
1525 1933 1608 1959 non
1629 1917 1732 1973 Eva;

349 2003 433 2053 'per
453 1993 600 2035 Adam.
640 1990 779 2041 Quem
810 1988 973 2030 vocavit
996 1989 1048 2028 ad
1071 1988 1237 2043 culpam
1268 1988 1434 2036 mulier,
1462 1987 1623 2044 justum
1652 1980 1731 2029 ost*

338 2075 405 2108 -ut
421 2079 518 2106 eum
545 2061 871 2118 gubernatorem
895 2065 1095 2105 assumat3
1122 2073 1173 2098 ne
1198 2057 1349 2099 iterum
1371 2058 1565 2113 foeminea
1589 2057 1715 2099 facili-

355 2144 443 2178 tate
466 2135 642 2176 labatur.
677 2129 761 2171 Sed
782 2127 978 2170 horridus
1001 2135 1042 2169 et
1065 2127 1246 2168 incultus
1275 2135 1349 2169 est.
1378 2126 1518 2169 Semel
1536 2126 1708 2184 placuit.

344 2203 572 2261 Numquid
593 2201 654 2242 vir
676 2200 917 2255 frequenter
939 2205 999 2239 est
1030 2196 1276 2254 eligendus?
1308 2196 1559 2253 Comparem
1590 2210 1714 2239 suum

355 2285 397 2319 et
420 2277 495 2317 bos
516 2270 705 2328 requirit,
733 2277 775 2311 et
797 2283 928 2325 equus
952 2266 1085 2324 diligit
1098 2283 1108 2315 ;
1129 2266 1205 2308 etsi
1228 2274 1415 2308 mutetur
1433 2266 1553 2316 alius,
1572 2274 1714 2308 tamen

333 2346 524 2389 -trahere
555 2343 706 2399 jugum
742 2339 875 2382 nescit
906 2353 1078 2396 compar
1112 2337 1295 2385 alterius,
1329 2345 1371 2380 ot
1403 2352 1445 2379 se
1466 2352 1551 2378 non
1578 2344 1715 2379 totum

355 2420 506 2475 putat:
532 2422 579 2455 tu
603 2413 784 2469 jugalem
813 2409 1007 2468 repudias
1033 2417 1176 2456 tuum,
1200 2415 1242 2449 et
1262 2415 1383 2464 putas
1405 2422 1513 2464 saepe
1545 2414 1714 2449 mutan-

353 2489 486 2534 'dum3
518 2484 594 2526 etsi
615 2497 700 2525 uno
719 2480 897 2523 desuerit
920 2479 1002 2529 die,
1028 2477 1272 2537 superducis
1295 2477 1493 2534 rivalem,
1512 2484 1553 2520 et
1575 2476 1674 2537 stati·

357 2554 570 2613 incognita
593 2568 716 2596 causa
740 2552 856 2608 quasi
881 2550 1045 2608 cognita
1067 2549 1239 2608 pudoris
1260 2549 1476 2606 exequeris
1498 2547 1712 2605 injuriam.

356 2626 509 2685 Vipera
531 2624 747 2667 absentem
764 2621 954 2681 requirit,
973 2619 1190 2666 absentem
1209 2627 1346 2670 vocat,
1372 2627 1413 2663 et
1433 2619 1591 2663 blando
1613 2630 1715 2678 pro-y
1745 2618 1747 2643 ¹
