1742 3233
352 322 437 366 306
896 334 926 362 s,
967 332 1155 363 AMBRosn

347 415 583 459 »habebitis
615 413 742 456 vitam
773 412 1015 455 aeternam¹.
1040 411 1174 452 »Erat
1206 425 1305 467 ergo
1335 408 1454 467 panis
1475 407 1622 466 aliquis
1651 407 1704 459 de

351 500 433 542 quo
467 483 778 543 praescripserat
813 483 1023 523 edendum
1050 480 1228 538 paradisi
1264 480 1423 521 incolis.
1468 479 1572 531 Quis
1604 478 1705 520 ille?

352 555 509 612 Accipe
532 569 658 610 quem
681 553 795 595 dicat
815 567 823 593 :
841 552 1044 599 «Panem,
1070 550 1204 606 inquit
1219 581 1229 597 ‚
1254 549 1510 607 Angelorum
1532 548 1705 590 mandu-

350 644 365 663 η
381 625 488 667 cavit
500 624 628 665 homo
640 622 670 664 ².
691 623 792 663 »Est
810 622 922 663 enim
940 621 1076 662 bonus
1094 620 1212 677 panis
1227 653 1236 668 ‚
1257 619 1289 660 si
1306 619 1430 660 facias
1446 619 1705 660 voluntatem

349 696 438 738 Dei.
467 695 538 737 Vis
561 693 667 734 scire
695 706 820 749 quam
856 691 991 732 bonus
1024 690 1170 747 panis?
1201 690 1292 746 Ipse
1320 689 1449 731 Filius
1479 687 1706 729 manducat

348 767 462 808 hunc
485 778 660 821 panem,
690 761 741 802 de
765 775 848 817 quo
874 761 929 802 ait
957 775 998 801 :«
1011 761 1125 803 Meus
1156 760 1273 801 cibus
1302 767 1365 801 est
1395 766 1442 800 ut
1462 757 1612 800 faciam
1639 771 1705 798 vo-
1741 795 1742 805 2

345 855 360 876 »
373 837 577 879 luntatem
590 831 723 874 Patris
739 830 847 879 mei,
872 830 943 886 qui
966 829 1007 870 in
1032 830 1147 871 coelis
1164 828 1247 871 est³
1265 848 1281 869 »

409 903 561 947 XLIII.
598 903 757 943 Iterum
792 900 1009 942 videamus
1039 915 1121 956 qua
1154 899 1314 941 ratione
1349 899 1554 941 Dominus
1592 899 1704 941 Deus

344 975 445 1017 Adae
479 972 628 1016 dixerit
658 987 667 1013 ε
694 971 858 1014 «Morte
884 969 1122 1011 moriemini
1148 984 1157 1011 :
1187 970 1317 1025 »quid
1344 969 1527 1017 intersit,
1559 976 1701 1009 utrum
1740 961 1742 987 ³

346 1045 492 1102 aliquis
512 1045 648 1085 dicat:
675 1041 931 1085 «Moriemini
947 1073 957 1089 ,
974 1056 1052 1082 »an
1070 1042 1193 1082 addat
1210 1056 1218 1081 τ
1236 1040 1393 1082 «Morte
1409 1039 1658 1082 moriemini.
1674 1057 1690 1079 »

345 1115 579 1159 Ostendere
619 1112 732 1154 enim
766 1112 968 1153 dehemus
1002 1110 1107 1151 nihil
1143 1109 1405 1167 superfluum
1433 1109 1475 1150 in
1504 1109 1581 1151 Dei
1614 1123 1702 1150 esse

345 1185 556 1227 mandato.
593 1183 738 1237 Itaque
761 1181 842 1222 hoc
867 1180 1060 1222 arbitror.
1091 1179 1198 1221 Cum
1222 1182 1305 1221 duo
1329 1179 1406 1221 sibi
1429 1179 1510 1220 sint
1533 1186 1704 1220 contra-

346 1257 407 1297 ria
437 1270 550 1296 mors
580 1261 621 1294 et
643 1253 724 1294 vita
742 1284 753 1300 ,
779 1252 1014 1292 secundum
1047 1251 1282 1307 simplicem
1318 1264 1555 1292 sermonem
1578 1264 1598 1290 a
1621 1248 1703 1290 vita

346 1325 485 1367 vivere
511 1322 710 1370 dicimus,
744 1336 765 1362 a
795 1328 930 1361 morte
951 1320 1072 1361 mori.
1112 1320 1155 1361 Si
1189 1329 1327 1361 autem
1360 1320 1571 1377 geminare
1604 1319 1703 1369 velis

346 1465 478 1507 habes
501 1463 541 1504 in
563 1464 667 1519 lege.
694 1461 745 1502 Et
767 1459 862 1516 quia
885 1474 997 1500 mors
1016 1468 1197 1500 mortem
1210 1458 1329 1507 facit,
1351 1458 1529 1500 dicitur:
1548 1458 1705 1500 «Morte

341 1533 586 1577 »morietun
606 1550 620 1570 »
636 1530 727 1573 Non
756 1537 818 1570 est
840 1537 981 1570 autem
1005 1528 1217 1586 superflua
1250 1529 1326 1570 ista
1348 1529 1578 1586 geminatio
1605 1542 1613 1568 τ
1643 1536 1706 1570 est

346 1605 458 1647 enim
480 1603 561 1645 vita
586 1603 638 1643 ad
659 1607 843 1641 mortem
858 1631 869 1647 ,
895 1606 937 1640 et
957 1606 1019 1639 est
1042 1614 1155 1639 mors
1185 1600 1237 1640 ad
1257 1598 1405 1648 vitam3
1429 1599 1525 1655 quia
1551 1599 1643 1655 quis
1664 1606 1706 1640 et

347 1675 448 1718 dum
480 1672 604 1720 vivit.,¹
635 1669 840 1717 moritui-3
871 1676 912 1709 et
943 1669 1043 1709 dum
1075 1668 1267 1717 moritur,
1308 1669 1420 1711 vivit.
1459 1669 1587 1712 Fiunt
1607 1683 1705 1725 ergo

346 1752 529 1801 quatuor
550 1739 839 1783 distinctiones
854 1770 865 1787 ,
883 1737 965 1779 vita
983 1737 1121 1779 vivere
1135 1771 1145 1787 ,
1176 1746 1310 1780 morte
1332 1739 1462 1787 mori3
1486 1746 1623 1780 morte
1644 1738 1707 1779 vi-

348 1829 468 1861 vere,
493 1812 576 1853 vita
598 1809 717 1851 mori.
746 1808 854 1849 Cum
877 1807 1002 1864 igitur
1023 1807 1112 1848 haec
1146 1807 1201 1849 ita
1231 1823 1273 1849 se
1304 1807 1511 1857 habeant,
1543 1822 1641 1849 usus
1664 1815 1707 1848 et

347 1880 665 1926 consuetudinis
686 1878 978 1936 praejudicium
996 1877 1200 1919 debemus
1221 1879 1444 1919 excludere
1456 1895 1467 1927 3
1491 1878 1587 1934 quia
1605 1892 1703 1919 usus

348 1957 432 1999 hoc
454 1954 581 1996 habet
596 1984 606 2000 ,
630 1958 678 1992 ut
700 1948 980 1991 communiter
1008 1947 1171 1989 dicatur
1192 1948 1330 1990 vivere
1346 1981 1356 1997 ,
1376 1956 1417 1990 et
1439 1948 1511 2005 qui
1530 1948 1623 1990 vitae
1644 1947 1708 1989 vi—

1739 995 1742 1052 3

1738 1054 1742 1079 l

1736 1192 1742 1218 ξε

344 1404 571 1449 utrumque
585 1425 595 1441 ,
616 1391 710 1448 quia
729 1391 809 1432 vita
827 1389 955 1431 vitam
972 1389 1092 1437 facit,
1114 1389 1281 1430 dicitur:
1300 1388 1418 1432 «Vita
1438 1389 1537 1431 vivit
1552 1408 1583 1438 ,»
1597 1389 1705 1429 sicut
1725 1394 1739 2021 l

347 2026 431 2074 vit,
458 2031 500 2065 et
525 2021 598 2078 qui
627 2016 752 2062 morti
779 2018 878 2060 vivit
904 2033 913 2059 z
944 2026 985 2059 et
1012 2019 1293 2060 communiter
1314 2018 1478 2060 dicatur
1506 2017 1614 2059 mori
1642 2017 1711 2059 vel

338 2097 418 2147 ille
433 2129 444 2145 ,
470 2093 542 2150 qui
558 2090 686 2134 morti
707 2089 887 2131 moritur
905 2105 915 2137 3
936 2089 1003 2129 vel
1022 2088 1111 2136 ille,
1136 2089 1207 2145 qui
1233 2089 1324 2130 vitae
1342 2089 1532 2131 moritur.
1562 2088 1707 2142 Itaque

354 2182 405 2210 ex
432 2172 613 2223 quatuor
638 2161 716 2203 illis
740 2161 822 2201 duo
847 2158 1052 2216 significat
1067 2192 1078 2207 ,
1108 2168 1155 2202 ut
1179 2159 1289 2201 dicat
1310 2159 1516 2201 viventem
1539 2157 1677 2200 vivere
1692 2190 1703 2208 ‚

348 2251 429 2280 nec
464 2232 613 2276 melius
649 2229 913 2285 deteriusque
952 2228 1197 2285 distinguat,
1232 2238 1273 2271 et
1312 2229 1423 2270 dieat
1454 2228 1707 2270 morientem

347 2304 479 2355 mori,
513 2317 591 2345 nec
614 2301 723 2343 inter
744 2300 897 2341 malam
924 2305 965 2340 et
997 2298 1152 2340 bonam
1186 2307 1367 2341 mortem
1395 2298 1587 2341 videatur
1618 2294 1725 2365 esse*

352 2374 564 2420 discretio.
593 2371 697 2415 Nam
721 2370 945 2411 indiscreta
968 2367 1159 2424 quaedam
1189 2369 1269 2410 vita
1305 2367 1580 2426 significatur,
1603 2381 1708 2424 qua-

349 2448 400 2491 lis
432 2440 781 2488 irrationabilium
812 2447 883 2481 aut
918 2438 1043 2481 etiam
1079 2439 1375 2496 parvulorum,
1410 2447 1451 2481 et
1484 2437 1707 2480 indiscreta

352 2532 467 2561 mors
489 2527 619 2570 aeque.

409 2581 558 2630 XLIV.
587 2580 857 2638 Sequestrato
885 2578 1012 2637 igitur
1040 2593 1120 2620 usu
1152 2577 1388 2629 communi,
1413 2577 1517 2638 quid
1543 2575 1597 2623 sit
1624 2574 1707 2640 vitei
1738 2612 1742 2618 ⁴

398 2683 408 2699 ¹
430 2674 525 2709 ἶσαι).
543 2682 591 2716 vx,
606 2671 660 2710 54.
680 2688 720 2703 ε·-
735 2679 748 2710 ξ
767 2670 852 2719 1³?ng
870 2679 993 2719 ηυξ-ηιξ
1006 2670 1056 2704 25.
1073 2686 1113 2718 -Ξ
1128 2671 1143 2696 ³
1156 2668 1254 2718 floan.
1267 2679 1310 2709 xv,
1323 2667 1376 2708 54.
