1742 3233
327 337 412 394 978ι
870 351 902 380 s.
939 350 1128 380 Aunnosu

324 515 809 536 ΜΜΜΜᾺΝᾺΜΜΜᾺΛ
816 516 1081 533 mwxoewmmm
1085 513 1306 532 wv‘rkawvvvm
1310 515 1624 533 ἉΝΛΛΛΛΜΜᾺΝΜΧΑΝ
1636 517 1670 533 W

873 654 1049 699 CAPUT
1082 655 1131 698 ΙΙ.

325 821 454 875 Quod
481 820 655 878 lignum
674 816 864 861 scientim
888 817 989 870 boni
1015 829 1052 870 et
1073 820 1185 862 mali
1208 821 1257 861 in
1277 822 1487 878 paradiso
1515 823 1673 879 fuerit,

342 884 346 885 ⁷
386 890 584 948 quodque
609 889 775 932 ibidem
795 904 968 946 serpens
1000 890 1218 938 εωζίῑενίι,
1246 905 1334 931 non
1365 890 1679 947 reprelwnden-
1735 889 1739 919 3

386 951 507 1003 dunt.
535 959 594 1002 Et
615 960 723 1015 quid
745 959 954 1001 nonnulli
982 974 1060 1016 per
1081 970 1344 1017 serpentem,
1366 961 1617 1014 Adqmttm,
1642 971 1681 1003 et
1735 990 1742 1027 ῃ

387 1032 539 1075 Evam
553 1031 861 1072 intellexerint.
1735 1034 1742 1076 J

386 1181 475 1236 VII.
511 1179 627 1227 ERAT
651 1186 792 1220 autem
815 1177 975 1235 lignum
991 1177 1174 1219 scientiae
1196 1177 1355 1226 boniet
1375 1177 1472 1225 mali
1495 1177 1535 1223 in
1558 1193 1683 1235 para-
1734 1199 1736 1233 3

331 1252 434 1296 diso.
458 1250 527 1297 Sic
544 1249 655 1298 enim
671 1247 800 1290 habes
820 1262 830 1289 z
848 1265 864 1286 α
881 1247 989 1298 Quia
1009 1247 1204 1304 produxit
1220 1247 1331 1296 Deus
1346 1247 1505 1304 lignum
1523 1248 1685 1305 specio-
1733 1261 1736 1302 ξ

330 1339 347 1361 »
361 1335 454 1363 sum
477 1320 529 1361 ad
546 1325 783 1376 aspectum,
808 1325 850 1358 et
869 1317 1031 1364 bonum
1049 1317 1099 1365 ad
1115 1331 1253 1357 escam
1267 1348 1277 1365 ,
1301 1324 1343 1358 et
1357 1317 1518 1373 lignum
1535 1316 1626 1358 vilae
1644 1317 1685 1358 in
1732 1345 1735 1366 ,

333 1409 351 1431 »
365 1389 578 1450 paradiso,
599 1397 641 1451 et
661 1388 821 1446 lignum
841 1387 1022 1437 scientia)
1044 1386 1144 1428 boni
1165 1394 1206 1427 et
1225 1385 1361 1428 mali¹.
1382 1387 1555 1435 »Postea
1581 1387 1688 1435 vide-

330 1452 470 1504 bimus
493 1467 636 1501 utrum
651 1467 691 1500 et
707 1458 787 1499 hoe
806 1457 965 1514 lignum
979 1456 1213 1514 speciosum
1237 1457 1287 1496 ad
1306 1464 1540 1512 aspectum,
1560 1465 1601 1498 et
1615 1457 1689 1498 bo-

330 1546 435 1584 num
458 1531 510 1579 ad
531 1544 671 1573 escam
691 1528 816 1569 fuerit
839 1528 946 1570 sicut
967 1535 1131 1568 caetera.
1165 1526 1227 1567 Eo
1248 1526 1359 1576 enim
1382 1528 1476 1576 loco
1497 1526 1581 1568 hoc
1609 1542 1686 1584 op-

332 1599 554 1659 portunius
586 1598 882 1661 disputabitur,
919 1612 1000 1654 quo
1030 1596 1246 1640 hominem
1272 1612 1323 1647 ex
1344 1596 1423 1639 hoc
1449 1604 1688 1653 gustantem
1730 1593 1734 1617 ³

334 1670 449 1728 ligno
475 1669 709 1720 invenimus
740 1683 829 1709 esse
851 1669 1088 1725 deceptum.
1127 1667 1298 1709 Interim
1332 1667 1437 1709 nihil
1461 1667 1686 1715 habemus,
1730 1690 1733 1730 ξ

335 1741 451 1798 quod
470 1755 584 1791 nunc
621 1738 929 1796 reprehendere
962 1739 1215 1786 debeamus,
1248 1736 1323 1784 etsi
1357 1737 1561 1787 rationem
1585 1737 1690 1782 scire

332 1826 418 1855 non
438 1802 659 1869 possimus.
681 1798 827 1869 Neque
849 1808 959 1860 enim
979 1808 1021 1850 in
1045 1808 1123 1857 hac
1147 1815 1338 1859 creatura
1355 1807 1504 1858 mundi
1520 1839 1531 1856 ,
1551 1806 1583 1848 si
1610 1821 1690 1862 qua
1728 1854 1732 1863 ι

333 1880 455 1933 nobis
489 1878 671 1921 difficilia
699 1879 914 1931 intellectu
946 1878 1155 1925 videntur,
1181 1885 1223 1918 et
1253 1876 1690 1934 incomprehensibilia
1728 1866 1731 1878 ¹

332 1949 501 2008 ingenio
524 1957 690 1998 nostro,
718 1949 941 1990 temerario
971 1949 1155 2004 quodam
1182 1948 1386 1989 debemus
1409 1939 1691 1994 condemnare

334 2019 515 2078 judicio,
550 2027 598 2060 ut
629 2026 866 2060 creaturam
900 2017 1178 2075 serpentium,
1211 2017 1488 2074 venenatique
1519 2016 1695 2076 alicujus
1727 2025 1731 2073 ζ

338 2088 559 2131 animantis
571 2105 582 2138 ;
612 2088 766 2145 quippe
792 2087 983 2129 homines
1018 2103 1098 2143 qua
1132 2087 1293 2128 ratione
1327 2082 1486 2144 singula
1520 2084 1695 2143 quaeque
1726 2116 1732 2146 3

337 2157 421 2200 sint
454 2158 563 2201 facta
595 2158 827 2215 intelligere
859 2158 997 2199 adhuc
1029 2165 1071 2198 et
1109 2157 1215 2198 scire
1249 2173 1333 2199 non
1361 2172 1595 2215 possumus.
1626 2155 1695 2198 Sic
1725 2150 1730 2166 ‘

339 2242 439 2286 ergo
461 2236 503 2269 et
523 2228 565 2269 in
587 2227 814 2285 Scripturis
833 2227 980 2269 divinis
1003 2242 1088 2268 non
1112 2227 1234 2269 facile
1255 2227 1613 2283 reprehendamus
1627 2226 1697 2266 ali·

342 2297 446 2354 quid
471 2298 584 2353 quod
610 2297 839 2354 intelligere
867 2312 950 2338 non
976 2312 1208 2353 possumus.
1247 2295 1354 2338 Sunt
1383 2296 1494 2337 enim
1518 2295 1695 2353 plurima
1725 2286 1730 2338 i

344 2382 436 2424 quae
460 2381 546 2408 non
570 2375 713 2408 nostro
741 2367 907 2423 ingenio
934 2366 1141 2407 metienda
1173 2374 1289 2414 sunt3
1310 2367 1381 2407 sed
1407 2381 1456 2407 ex
1478 2365 1696 2408 altitudine

345 2436 494 2478 divinae
518 2436 800 2493 dispositionis
815 2445 857 2478 et
872 2436 988 2477 verbi
1006 2444 1101 2477 sunt
1119 2436 1372 2478 aestimanda.
1730 2431 1731 2434 ¹

398 2504 509 2546 VIII.
547 2505 660 2547 Pone
680 2506 793 2546 enim
809 2538 819 2554 ‚
839 2506 926 2547 sine
944 2505 1186 2562 praejudicio
1209 2513 1349 2547 tamen
1367 2503 1604 2547 assertionis
1628 2503 1696 2545 fu-
1723 2496 1733 2536 ’ν

344 2582 471 2622 turae,
496 2574 590 2616 ideo
606 2575 679 2616 tibi
704 2575 784 2617 hoc
807 2575 965 2632 lignum
988 2576 1040 2618 de
1062 2574 1233 2617 scientia
1250 2576 1349 2617 boni
1372 2583 1415 2617 et
1430 2574 1528 2617 mali
1552 2573 1697 2630 displi-
1722 2608 1726 2631 ἶ

394 2686 402 2700 ¹
423 2676 507 2709 Gen.
527 2688 565 2716 11,
581 2687 613 2719 9.
