1742 3233
480 297 532 324 ΒΕ
565 296 770 323 ΑΒΒΑΠΑΜ.
809 298 887 324 Lm.
927 299 971 324 11.
1318 287 1399 341 595

55 375 159 416 »Dei
183 374 290 416 intra
310 389 382 415 vos
404 383 467 416 est
487 374 499 395 ¹
524 408 533 423 ,
556 393 572 413 n
605 374 646 416 hi
673 389 755 416 non
780 384 878 417 sunt
900 376 1043 423 divisi,
1073 378 1167 433 quia
1193 378 1405 419 adhaercnt

55 444 142 485 Deo
157 461 168 493 ;
203 461 219 482 «
243 444 454 494 Quoniam
472 444 543 499 qui
558 444 741 486 adhaeret
756 445 984 493 meretrici,
1002 461 1132 487 unum
1147 462 1298 503 corpus
1320 455 1403 487 ost:

57 513 219 555 »Erunt
240 513 373 561 enim,
393 513 550 569 inquit,
575 514 656 556 duo
678 513 719 554 in
741 528 869 570 carne
891 530 983 556 una.
1005 516 1087 566 Qui
1111 524 1248 557 autem
1269 517 1408 558 adlue-

59 600 74 620 »
90 590 152 623 ret
166 582 344 623 Domino
362 598 470 624 unus
487 582 654 639 spiritus
675 591 737 624 est
753 581 783 624 ².
812 602 827 621 »
861 583 932 624 Isti
955 599 1052 640 ergo
1076 600 1159 625 nou
1181 594 1278 627 sunt
1301 602 1410 628 mor-

63 660 132 694 tua
163 667 367 709 corpora;
398 661 446 695 ut
472 655 662 695 volucres
694 653 788 694 coeli
817 655 1040 695 comedant
1073 669 1144 695 eos
1164 687 1174 703 ,
1213 656 1284 697 sed
1315 666 1411 698 sunt

62 720 250 778 spiritus3
274 722 374 764 facit
399 722 511 765 enim
542 722 653 765 Deus
681 718 862 780 Angelos
886 738 982 765 suos
1005 723 1187 781 spiritus.
1220 725 1410 782 Denique

63 806 185 848 supra
209 791 449 834 columbam
473 801 515 835 et
535 795 743 835 turturem
765 807 850 834 non
881 793 1214 844 descenderunt,
1240 796 1334 852 quia
1357 797 1414 837 di-

62 860 158 902 visae
179 861 265 903 istoe
289 877 382 904 aves
405 878 488 904 non
510 872 640 905 erant.
666 863 758 915 Non
780 871 877 905 sunt
900 863 1010 905 enim
1034 864 1183 906 diversi
1206 864 1305 921 justi
1328 866 1414 922 qui-

68 931 145 972 bus
177 931 351 986 dicitur,
374 941 421 974 ut
450 932 530 974 sint
561 933 769 990 simplices
799 933 907 976 sicut
937 933 1142 976 coluinbae
1168 934 1197 976 ³.
1233 935 1417 991 Ideoque

68 1000 170 1041 dicit
187 1001 334 1050 David,
359 1002 456 1058 quia
477 1009 518 1043 et
541 1002 718 1044 «Passer
740 1002 897 1044 invenit
914 1002 991 1044 sibi
1010 1005 1199 1051 domum,
1219 1011 1261 1045 et
1279 1011 1417 1045 turtur

31 1069 37 1073 ”
70 1070 244 1111 umidum
270 1071 347 1113 sibi
378 1071 451 1112 ubi
482 1080 656 1127 reponat
686 1073 824 1128 pullos
853 1086 949 1112 suos
970 1072 999 1113 ά.
1030 1090 1045 1110 »
1081 1073 1179 1114 Haec
1205 1074 1420 1129 spectabat

66 1139 296 1188 Abraham,
321 1140 410 1182 haee
431 1140 640 1198 profundo
663 1149 705 1182 et
732 1141 904 1198 spiritali
927 1141 1219 1184 considerabat
1246 1142 1412 1184 intuitu.

127 1208 216 1252 LX.
253 1209 437 1266 Ideoque
463 1210 667 1267 scriptum
690 1218 751 1252 est
773 1225 782 1251 :
815 1228 830 1248 «
849 1210 1047 1252 Consedit
1069 1210 1146 1253 illis
1169 1208 1325 1254 Abram
1345 1212 1378 1260 ⁵,
1393 1230 1407 1249 »

67 1295 151 1321 non
168 1279 285 1336 quasi
307 1280 569 1338 aruspicinae,
589 1282 662 1322 sed
678 1281 795 1336 quasi
813 1281 993 1323 coelestis
1012 1283 1273 1324 revelationis
1294 1282 1416 1324 inter-

66 1365 183 1407 pres,
215 1349 330 1407 signa
355 1349 502 1391 ‹livinae
532 1349 784 1406 operationis
816 1351 1048 1408 explorans.
1083 1352 1198 1394 Mens
1221 1352 1333 1394 enim
1354 1352 1417 1394 di-

67 1423 180 1461 recta
211 1421 260 1461 ad
291 1419 446 1461 Christi
474 1418 649 1476 gratiam
672 1419 840 1461 videbat
869 1419 982 1461 hune
1011 1423 1218 1462 mundum
1245 1423 1417 1478 plenum

66 1495 155 1532 esse
174 1489 417 1546 iniquitatis,
438 1504 528 1545 quae
551 1490 664 1530 velut
683 1504 705 1530 a
726 1504 891 1545 summo
914 1489 1008 1531 coeli
1029 1492 1202 1539 volaret,
1225 1500 1266 1533 et
1284 1492 1419 1548 oppri-

65 1567 199 1601 meret
216 1558 404 1601 infirmos
426 1567 546 1601 terrae
564 1573 573 1599 ε
594 1558 839 1615 pudicitiam
861 1567 1018 1608 autem,
1038 1559 1182 1609 fidem,
1209 1560 1419 1602 sincerita-

66 1638 151 1672 tem
176 1630 301 1672 nullis
325 1644 414 1671 esse
445 1627 646 1670 obnoxias
672 1628 934 1685 passionibus
955 1644 964 1669 τ
996 1629 1207 1671 avaritiam
1231 1646 1353 1678 vero,
1379 1639 1419 1671 ct

67 1700 368 1754 sollicitudines
387 1698 524 1741 saeculi
549 1699 702 1755 quibus
726 1697 986 1740 suffocantur
1002 1699 1073 1755 qui
1095 1699 1252 1741 habent
1271 1701 1420 1755 volup-

66 1778 170 1813 tates
204 1769 444 1812 divitiarum
462 1802 473 1818 ,
509 1769 728 1811 dilacerari
763 1784 810 1811 ac
845 1768 984 1811 dividi.
1037 1770 1155 1811 Unde
1190 1778 1231 1811 et
1269 1770 1419 1811 divitiae

67 1841 188 1883 dictae
205 1848 302 1882 sunt
319 1855 430 1882 curte
447 1847 487 1881 et
511 1838 782 1896 cogitationes
802 1839 950 1880 mundi
967 1838 1093 1895 hujus
1110 1839 1122 1859 ⁰
1144 1873 1153 1889 ,
1173 1840 1283 1896 quod
1297 1855 1419 1881 men-

66 1919 150 1953 tem
179 1910 385 1958 dividant,
420 1918 544 1966 atque
572 1909 615 1950 in
643 1909 854 1951 diversum
886 1909 1104 1957 scindant,
1135 1917 1177 1951 et
1209 1909 1250 1950 iu
1280 1918 1418 1967 partes

66 1981 248 2029 trahant,
271 1996 349 2023 nec
365 1981 502 2022 sinant
519 1980 806 2035 incorruptam
823 1995 911 2021 esse
930 1987 971 2021 et
993 1979 1211 2036 integram.
1229 1980 1302 2022 Vir
1318 1997 1417 2039 ergo

63 2051 250 2109 pacificae
289 2051 457 2097 mentis,
480 2050 726 2093 considebat
744 2083 755 2098 ,
796 2059 837 2092 et
877 2050 1168 2092 considerabat
1212 2060 1417 2108 quatenus

64 2122 289 2179 prohibere
322 2121 512 2163 cominus
549 2128 688 2177 posset
720 2135 767 2161 ea
800 2121 930 2169 mala,
960 2136 1051 2176 quse
1080 2121 1320 2164 hominibus
1359 2124 1417 2165 in-

62 2193 296 2241 vehuntur3
322 2206 441 2233 mens
463 2190 575 2232 enim
596 2190 790 2248 sapientis
814 2190 890 2232 viri
909 2206 956 2232 ac
978 2191 1078 2248 justi
1095 2193 1254 2235 mederi
1277 2196 1417 2236 studet

64 2262 259 2305 humanis
280 2261 444 2303 casibus
457 2294 468 2311 ,
486 2269 527 2303 et
548 2261 773 2318 prohibere
794 2275 841 2303 ac
858 2276 1048 2304 resecare
1067 2263 1300 2306 animarum
1322 2279 1416 2306 nos—

64 2342 225 2378 trarum
240 2334 419 2376 labores.

109 2455 121 2472 ¹
150 2450 229 2483 Luc.
251 2462 306 2489 xx,
336 2459 387 2481 20.
411 2466 451 2472 —
479 2458 493 2472 ²
524 2459 535 2479 1
561 2448 644 2491 Cor.⁸
661 2458 716 2487 v1,
744 2447 802 2486 16,
827 2457 934 2491 ²7⁸,—
952 2448 966 2470 3
985 2446 1104 2480 Matth.
1124 2457 1156 2487 x,
1177 2447 1224 2478 ιδ.
1243 2464 1282 2471 -
1299 2450 1312 2474 4
1331 2447 1410 2481 Psai.

67 2513 186 2537 uum
201 2525 212 2544 ‚
228 2503 262 2543 4.
277 2519 319 2530 -
335 2504 350 2528 ⁵
368 2503 452 2537 Gen.
472 2513 526 2540 xv,
547 2513 594 2535 12.
616 2520 656 2528 —
671 2503 686 2526 6
707 2501 825 2537 Matth.
842 2510 916 2542 xm,
937 2510 987 2533 22.

1170 2673 1238 2719 83.
