1742 3233
320 264 407 313 458
866 276 897 302 s.
937 276 1126 305 AMBRosu

321 355 603 396 imminutum.
635 352 755 394 Unde
778 353 900 396 docet
917 369 991 396 nos
1015 355 1232 413 Scriptura
1248 356 1439 399 ordinem
1464 372 1554 400 esse
1579 373 1668 401 ser—

319 425 515 467 vandum.

379 495 487 537 LXI.
527 494 655 545 Quod
675 501 813 535 autem
827 495 980 536 ostium
1002 496 1054 537 sit
1071 510 1175 538 arcae
1192 499 1307 554 quod
1329 498 1491 555 aperuit
1505 497 1532 540 J
1534 506 1668 547 ustus,
1740 541 1742 559 ἰ

323 567 556 608 secundum
579 565 764 623 corporis
781 565 986 607 rationem
1005 581 1128 623 supra
1147 567 1307 610 dictum
1328 576 1402 610 est.
1426 568 1671 612 Secundum
1724 591 1742 617 -,

324 637 512 679 altiorem
535 645 676 678 autem
701 636 1087 694 interpretationem
1112 638 1215 680 illud
1238 638 1464 681 dicendum
1481 639 1669 688 videtur,

325 709 439 764 quod
462 707 647 764 corporis
669 720 813 747 sensus
830 707 944 748 velut
956 707 1158 749 ostiorum
1178 708 1330 751 similes
1347 708 1568 753 habentur.
1594 709 1674 752 Per

324 778 401 818 hos
423 777 535 818 enim
564 785 766 831 tanquam
786 790 862 832 per
883 777 987 818 ostia
1011 778 1240 835 ingreditur
1274 778 1316 819 in
1354 786 1541 820 nostram
1561 792 1676 820 men-

321 854 407 887 tem
429 846 543 889 vclut
564 847 755 902 quaedam
781 844 1040 887 sensibilium
1072 846 1402 904 comprehensio.
1425 847 1534 905 Ergo
1558 862 1677 890 mens

322 924 464 957 nostra
500 931 576 973 per
610 915 686 957 hos
715 930 860 957 sensus
895 915 1105 973 respicere
1135 915 1321 964 videtur,
1341 924 1383 957 et
1402 916 1584 958 maxime
1601 931 1677 974 per

323 986 542 1034 visionem,
555 1000 647 1042 quae
668 985 863 1027 omnihus
881 985 1070 1028 sensibus
1085 986 1270 1043 corporis
1282 985 1557 1043 praestabilior
1573 986 1677 1028 aesti-

324 1066 463 1099 matur
481 1074 493 1106 3
519 1057 614 1113 quia
637 1057 866 1099 domestica
877 1065 939 1099 est
955 1057 1141 1106 luminis,
1159 1065 1202 1099 et
1222 1072 1298 1114 per
1317 1071 1410 1099 eam
1433 1056 1679 1114 aspicientes

326 1130 480 1170 coelum
495 1161 505 1177 ‚
531 1135 710 1176 terram,
736 1126 889 1175 maria,
915 1128 1044 1169 solem
1072 1142 1238 1184 quoque
1253 1160 1263 1176 ,
1286 1128 1452 1177 lunam,
1477 1135 1518 1169 et
1541 1129 1680 1171 stellas

326 1198 478 1254 quibus
506 1197 589 1239 axis
620 1205 818 1245 ornatur,
848 1197 1118 1254 intelligimus
1138 1197 1274 1240 Deum
1303 1213 1393 1240 esse
1416 1205 1682 1256 operatorem

327 1268 474 1309 mundi
499 1276 622 1323 atque
639 1275 863 1315 rectorem,
889 1282 968 1308 nec
986 1267 1074 1309 sine
1092 1276 1261 1309 auctore
1276 1268 1365 1310 Deo
1382 1276 1684 1325 tantorumque

330 1352 506 1396 operum
530 1336 750 1378 conditore
771 1336 860 1378 haec
881 1337 1068 1394 potuisse
1092 1336 1184 1379 fieri
1206 1338 1415 1380 credimus
1429 1370 1441 1387 ‚
1467 1346 1538 1381 aut
1557 1353 1679 1396 posse

331 1409 572 1450 consistere.

385 1478 516 1521 LXII.
553 1478 631 1519 Per
646 1477 756 1519 hanc
775 1477 901 1535 igitur
913 1477 1137 1520 fenestram
1154 1493 1327 1521 corvum
1342 1479 1527 1536 primum
1540 1478 1565 1521 J
1568 1473 1686 1521 ustus

330 1548 479 1590 emisit.
508 1547 745 1599 Quaerenda
767 1562 891 1589 causa
905 1581 916 1596 ,
942 1563 1021 1590 nec
1045 1557 1184 1590 tamen
1201 1550 1301 1591 latet
1317 1557 1519 1606 quantum
1543 1551 1594 1592 ad
1615 1550 1687 1593 lit-

329 1627 464 1660 teram
489 1618 692 1675 pertinet3
714 1618 809 1674 quia
827 1618 1016 1675 plerique
1039 1619 1155 1675 quasi
1172 1616 1423 1667 annuntium
1446 1619 1687 1676 futurorum

332 1703 506 1730 corvum
529 1688 737 1730 aestimant
751 1721 762 1736 ,
781 1696 823 1730 et
838 1702 962 1730 voces
984 1688 1075 1745 ejus
1098 1689 1342 1739 observant,
1361 1692 1606 1748 volatusque
1627 1691 1687 1733 ri-

334 1768 515 1801 mantur.
549 1758 703 1800 Sensus
735 1766 876 1800 autem
910 1756 1031 1800 altior
1062 1758 1268 1816 significat
1297 1761 1558 1817 quodmens
1579 1759 1690 1803 Justi

334 1831 501 1886 quando
528 1830 732 1870 mundare
760 1843 802 1869 se
823 1828 994 1885 incipit,
1020 1843 1111 1885 quae
1142 1830 1363 1872 tenebrosa
1388 1837 1511 1879 sunt,
1543 1837 1585 1871 et
1607 1829 1689 1871 im-

333 1901 512 1948 munda,
535 1907 576 1940 et
593 1898 814 1939 temeraria
837 1898 974 1954 primo
999 1913 1019 1939 a
1048 1914 1090 1940 se
1113 1900 1288 1956 repellit.
1317 1899 1532 1956 Siquidem
1554 1899 1689 1942 omnis

335 1969 613 2027 impudentia,
643 1975 765 2024 atque
789 1969 911 2024 culpa
940 1969 1161 2010 tenebrosa
1184 1978 1269 2017 est,
1293 1978 1334 2011 et
1355 1970 1531 2012 mortuis
1554 1969 1690 2027 pasci-

337 2048 432 2088 tur,
453 2039 561 2080 sicut
583 2053 732 2080 corvus
754 2053 762 2079 ε
789 2038 938 2079 lumini
962 2047 1102 2092 autem
1123 2040 1257 2081 vicina
1275 2040 1404 2082 virtus
1425 2055 1516 2098 quae
1539 2040 1691 2082 mentis

332 2109 513 2166 puritate
536 2116 577 2149 et
600 2107 865 2164 simplicitate
883 2109 1134 2165 resplendet.
1163 2110 1215 2150 Et
1233 2110 1326 2153 ideo
1351 2117 1550 2166 tanquam
1573 2109 1693 2167 emit-

338 2181 440 2222 titur
461 2187 502 2221 ct
519 2179 687 2236 fugatur
704 2180 843 2236 culpa,
866 2187 907 2220 et
931 2188 1146 2237 separatur
1169 2180 1218 2221 ab
1241 2180 1567 2229 innocentia‚'ut
1589 2179 1694 2222 nihil

338 2259 554 2293 remaneat
575 2250 617 2292 in
634 2249 709 2291 viri
726 2250 826 2307 justi
839 2259 978 2292 mente
993 2251 1276 2293 tenebrosum.
1292 2251 1488 2308 ,Denique
1504 2266 1692 2309 egressus

336 2335 486 2363 corvus
518 2335 602 2361 non
634 2320 857 2361 revertitur
892 2321 942 2361 ad
976 2314 1146 2361 <lustum
1164 2320 1307 2378 aquia
1337 2319 1518 2378 fugitans
1555 2319 1692 2361 omnis

339 2392 462 2447 culpa
483 2397 545 2431 cst
570 2389 774 2445 aequitatis
789 2422 800 2437 ‚
829 2405 906 2431 nec
931 2388 1128 2447 probitati
1149 2391 1314 2431 videtur
1334 2398 1376 2431 et
1397 2388 1565 2446 justitiae
1590 2405 1694 2431 con-

338 2460 490 2502 venire.
528 2458 719 2516 Denique
754 2460 931 2502 evasisse
962 2475 1005 2501 se
1034 2460 1168 2501 credit
1201 2459 1379 2517 injustus
1410 2467 1612 2516 tanquam
1644 2460 1695 2501 (le

340 2529 515 2571 vinculis
530 2562 541 2578 ‚
565 2544 663 2571 cum
684 2529 820 2587 justus
845 2530 894 2572 ab
917 2530 1007 2587 ejus
1030 2545 1072 2571 se
1095 2525 1307 2571 consortio
1328 2528 1600 2588 separaverit,
1629 2527 1695 2570 di-

335 2598 434 2642 luvii
450 2599 670 2657 cujusdam
687 2608 729 2642 et
745 2601 994 2658 corruptelae
1015 2599 1244 2649 familiaris,
1266 2607 1313 2642 ut
1326 2613 1475 2642 corvus
1495 2598 1567 2656 qui
1590 2612 1691 2644 cum
