1742 3233
321 272 408 320 422
861 283 891 310 s.
931 283 1120 310 AMBnosn

323 358 446 400 cebra
470 358 579 399 viam
598 358 689 414 ejus
712 359 956 416 corruperit.
986 358 1069 410 Qui
1092 358 1123 399 si
1143 358 1411 401 intellexisset
1438 360 1550 416 quod
1574 375 1669 403 mu-

321 444 399 471 nus
424 428 651 485 accepisset
671 444 692 469 a
708 429 796 470 Deo
809 461 819 477 ,
844 445 927 470 non
951 429 1091 485 utique
1108 444 1251 485 passus
1269 438 1375 471 esset
1389 463 1400 478 ‚
1424 439 1470 471 ut
1486 446 1582 472 caro
1600 432 1671 473 ob-

322 506 451 540 staret
463 498 610 540 animae
621 498 857 540 virtutibus.
874 499 1016 554 Itaque
1028 514 1123 539 caro
1136 513 1257 539 causa
1271 498 1346 540 fuit
1357 501 1671 556 corrumpendae

322 568 449 610 etiam
473 568 644 616 animae,
663 583 755 624 quae
776 570 889 610 velut
914 569 1029 625 origo
1051 577 1092 610 et
1113 570 1230 610 locus
1252 578 1315 610 cst
1332 570 1427 625 quid
1437 585 1503 611 am
1523 572 1673 627 volup-

320 638 434 686 tatis,
459 653 508 680 ex
529 653 611 694 qua
628 639 741 679 velut
765 652 786 678 a
804 627 918 679 fonte
937 647 1220 696 prorumpunt
1238 640 1673 696 concupiscentiarum

320 708 610 763 malarumque
632 706 871 764 passionum
898 707 1071 749 ssutnina
1087 741 1097 756 ,
1123 710 1289 765 lateque
1315 711 1538 752 exundant.
1567 710 1675 761 Qui-

322 776 400 817 bus
425 776 682 833 demergitur
705 775 852 817 animae
879 778 1091 832 quoddam
1113 794 1285 820 excusso
1309 774 1587 836 gubernatore
1608 795 1672 820 re-

321 844 514 902 migium,
540 860 637 887 cum
654 843 740 903 ipsa
762 858 881 886 mens
897 847 1010 888 velut
1031 848 1280 903 quibusdam
1302 848 1619 906 tempestatibus
1635 857 1677 890 et

322 917 518 973 procellis
550 916 658 957 victa
688 917 782 957 loco
819 930 893 956 suo
925 917 1047 958 cedit.
1079 917 1259 959 Pulchre
1294 926 1433 959 autem
1463 918 1548 966 ait,
1581 918 1677 974 quia

323 986 451 1029 homo
473 986 584 1027 viam
607 993 765 1026 naturae
785 1000 870 1026 suae
889 987 1089 1043 corrupit.
1116 987 1220 1029 Nam
1243 987 1308 1028 via
1332 1003 1404 1029 sua
1426 988 1465 1029 in
1487 988 1677 1044 paradiso
1688 985 1701 992 ’“

324 1064 427 1104 erat,
447 1056 489 1097 in
499 1055 570 1097 illo
588 1055 895 1098 beatitudinum
918 1057 1102 1105 tramite,
1127 1057 1168 1098 in
1192 1058 1261 1099 illo
1282 1058 1484 1100 virtutum
1502 1058 1621 1107 flore,
1637 1067 1680 1100 et

326 1126 368 1168 in
395 1126 463 1168 illa
484 1125 793 1185 incorruptibili
817 1127 962 1182 gratia,
982 1142 1107 1183 quam
1126 1128 1234 1169 viam
1256 1128 1431 1169 terrenis
1449 1125 1681 1184 inquinavit

326 1198 520 1255 vestigiis,
546 1198 628 1240 Alii
650 1198 807 1242 habent
827 1217 836 1242 :
869 1219 886 1239 «
906 1199 1025 1242 Viam
1052 1199 1197 1256 ipsius,
1216 1218 1231 1238 »
1266 1199 1346 1240 hoc
1370 1206 1453 1248 est,
1477 1195 1568 1241 D'ei.
1589 1199 1678 1241 Hoc

328 1267 434 1309 solet
454 1267 582 1309 verbo
602 1264 772 1310 Domini
796 1270 1023 1312 declarare.

330 1422 598 1440 mwwivmnwvu.
603 1423 780 1440 ᾺΛΑΛΝΜΜ
784 1424 822 1439 &NA
827 1425 963 1441 mmm
978 1425 1137 1442 ,AVQWMM
1144 1425 1184 1441 ΜἊ
1189 1427 1271 1443 ῑΝνῑἋ
1278 1427 1410 1443 ἱννκννννὶ
1414 1426 1635 1442 mmmmxv
1639 1428 1679 1446 §RQ

840 1573 853 1577 ⁹
869 1558 899 1599 C
912 1556 1046 1600 APUT
1078 1557 1132 1600 VI

905 1595 916 1599 -
1137 1591 1145 1600 ι

331 1725 398 1768 Do
422 1724 743 1767 constructione
761 1739 899 1772 arcae,
930 1724 978 1763 in
1004 1738 1090 1777 qua
1112 1722 1301 1764 humani
1324 1724 1517 1778 corporis
1534 1721 1688 1781 figura

392 1793 655 1836 describitur
672 1811 688 1843 ;
716 1804 754 1835 et
778 1796 904 1850 eujus
925 1792 1026 1834 nidi
1052 1793 1249 1851 singulas
1276 1793 1473 1848 ejusdem
1494 1793 1687 1847 eorporis

392 1863 583 1905 humani
607 1874 756 1920 parces
776 1863 1051 1922 significant.
1082 1863 1308 1916 Quomodo
1329 1863 1416 1904 illae
1445 1862 1660 1904 bitumino
1675 1894 1686 1916 ,

393 1942 441 1975 ut
461 1932 655 1990 firmiter
679 1933 764 1976 sibi
788 1933 1033 1975 cohaereant
1048 1967 1058 1986 ,
1073 1934 1162 1976 sint
1184 1933 1405 1975 liniendae.

392 2079 507 2122 XIII.
545 2078 628 2122 SED
653 2079 740 2136 jam
768 2081 819 2121 de
850 2080 938 2137 ipsa
961 2079 1049 2122 Noe‘
1082 2094 1174 2121 arca
1208 2080 1435 2122 dicendum
1454 2112 1466 2127 ‚
1502 2091 1628 2136 quam
1657 2079 1690 2120 si

335 2149 427 2205 quis
449 2149 548 2191 velit
564 2149 792 2206 impensius
815 2149 1080 2192 considerare
1094 2181 1105 2198 ,
1135 2150 1317 2191 inveniet
1333 2149 1375 2191 in
1392 2149 1483 2206 ejus
1505 2149 1692 2192 aedifica-

335 2217 450 2260 tione
473 2218 725 2276 descriptam
748 2219 921 2261 humani
938 2218 1115 2277 figuram
1141 2220 1342 2277 corporis.
1367 2220 1480 2271 Quid
1500 2227 1563 2261 est
1577 2219 1691 2261 enim

339 2288 453 2344 quod
474 2288 530 2331 ait
551 2289 664 2331 Deus
683 2304 693 2331 ε
729 2308 744 2329 (ι
769 2290 854 2332 Fae
876 2290 999 2348 igitur
1021 2291 1096 2332 tibi
1121 2305 1261 2332 arcam
1291 2291 1343 2331 de
1363 2289 1484 2347 lignis
1508 2290 1693 2346 quadras

336 2357 417 2399 »tis
439 2356 451 2379 ¹
475 2357 492 2398 P
512 2376 527 2397 »
569 2358 832 2410 Quadratum
860 2367 974 2401 certe
1007 2360 1088 2410 hoc
1123 2361 1410 2417 appellamUS,
1447 2360 1561 2415 quod
1597 2372 1694 2400 om—

335 2428 458 2469 nibus
486 2428 596 2470 bene
623 2429 822 2489 consistat
850 2431 1059 2487 partibus,
1092 2439 1134 2472 et
1164 2430 1389 2472 conveniat
1417 2429 1510 2472 sihi.
1544 2429 1692 2486 Itaque
1741 2421 1742 2461 ἶ

334 2504 376 2539 et
399 2497 510 2541 Deus
539 2507 686 2542 auctor
706 2500 837 2543 nostri
863 2499 1075 2559 corporis,
1101 2509 1343 2558 naturaeque
1368 2500 1598 2544 fabricator
1621 2513 1687 2542 as-

385 2621 394 2635 ¹
413 2610 496 2646 Gen.
514 2623 561 2653 vi,
582 2614 633 2652 ²4·
