1742 3233
404 324 455 350 nn
491 322 587 350 cAiN
619 322 670 348 ΕΤ
706 322 822 349 ABEL.
861 324 938 349 Lm.
979 323 1004 350 1.
1296 308 1376 351 351

25 402 155 456 yelint
181 415 270 442 esse
294 397 512 441 venalem?
537 397 701 454 Spargit
725 399 877 438 odores
903 412 1004 438 ‹suos
1034 398 1221 453 voluptas
1240 429 1249 444 ‚
1284 398 1380 452 quia

30 470 183 513 Christi
202 470 377 510 odorem
402 482 490 508 non
521 467 663 508 habet.
691 467 928 508 Thesauros
949 468 1383 524 demonstrat,›r-egna

28 538 258 598 promittit,
285 552 445 579 amores
463 537 643 592 spondet
655 535 902 582 continuos,
926 535 1206 590 inexplonatos
1222 549 1384 576 concu-

26 611 139 653 bitus
162 608 411 667 pollicetur,
426 606 519 647 :sine
540 607 767 661 paedagogo
785 603 1023 659 disciplina-s
1036 635 1046 651 ,
1062 604 1154 644 sine
1175 605 1384 647 monitore

27 666 252 726 sennon‘e‘ss,
272 676 398 718 vitam
417 675 504 717 siue
521 674 816 722 sollicitudine,
836 674 1007 716 mollem
1026 687 1239 722 somnum,
1259 674 1303 715 in
1315 689 1380 717 ex-

24 748 222 811 plebilem
237 746 523 803 cupiditatem.
544 762 559 782 «
579 743 809 791 seducens,
830 743 978 799 inquit,
997 758 1094 785 eum
1113 745 1245 785 multo
1262 745 1379 787 blan-

28 837 47 869 Α»
60 818 247 859 dimento
266 829 524 861 sermonum,
544 820 585 854 et
600 813 758 869 laqueis
780 813 986 854 labiorum
1004 828 1177 854 suorum
1192 811 1382 872 alligans,

27 905 42 926 »
59 888 231 928 domum
250 885 435 940 adusque
463 882 640 924 attraxit.
659 882 803 925 At-ille
825 891 995 924 secutus
1011 898 1127 932 eam,
1148 884 1386 926 circumve·

33 955 176 996 »nitur
192 954 245 995 ¹.»
260 954 427 996 Nitebat
447 954 538 993 aula
559 952 671 1008 regio
694 953 793 993 luxu
814 952 1028 1009 splendida
1049 954 1201 994 caelatis
1224 953 1387 1008 parieti-

32 1024 134 1072 bus,
158 1031 199 1064 et
222 1022 392 1063 humida
421 1021 621 1062 natabant
642 1021 879 1076 pavimenta
910 1021 1018 1062 vino.
1052 1022 1275 1078 Plagrabat
1306 1038 1388 1063 un·-

36 1083 187 1150 gueuto
201 1091 370 1138 humus,
386 1090 512 1146 spinis
526 1097 722 1146 cooperta
738 1089 931 1146 piscium,
947 1098 989 1131 et
1000 1091 1284 1132 marcentibus
1300 1090 1389 1146 jam

36 1162 207 1205 floribus
231 1160 403 1202 lubrica.
430 1159 517 1200 lllic
543 1159 867 1200 comessantium
886 1161 1116 1208 tumultus,
1136 1169 1388 1203 concertan-

38 1230 142 1274 tium
177 1231 358 1277 clamor,
392 1228 643 1286 litigantium
677 1229 834 1276 medes,
854 1237 1083 1270 concentus
1113 1231 1388 1281 coenantium,

39 1300 276 1343 saltantium
309 1299 482 1356 stepitus
502 1331 512 1346 ,
544 1299 771 1340 ridentium
808 1298 1062 1347 cachinnus,
1088 1301 1393 1345 lascivientium

33 1373 236 1430 plausus,
275 1369 447 1411 confusa
471 1368 609 1409 onmia
624 1400 634 1416 ,
660 1368 765 1410 nihil
786 1376 943 1409 natura:
972 1370 1131 1412 ordine.
1153 1371 1395 1416 saltatrices

40 1447 194 1487 tonsae,
226 1445 267 1480 et
300 1437 528 1494 crispantes
555 1437 673 1494 pueri
705 1452 849 1486 coma,
884 1439 1143 1494 epulantium
1185 1441 1391 1490 cruditas,

42 1509 257 1552 edentium
284 1516 452 1556 ructus,
482 1508 696 1549 ebrlerum
727 1508 837 1556 sitis,
869 1509 1063 1550 hesterna
1096 1512 1287 1567 crapula,
1324 1512 1398 1553 ho—

45 1578 187 1620 dierna
206 1577 466 1625 temulentia,
483 1579 639 1634 repleta
655 1577 814 1618 vomitu
825 1577 1057 1618 bibentium
1074 1581 1223 1635 pocula
1236 1580 1395 1636 majore

46 1649 173 1690 odore
190 1647 424 1695 ebrietatis,
450 1663 573 1704 quam
593 1647 625 1688 si
644 1647 827 1689 recentia
851 1654 1013 1688 tantum
1038 1648 1132 1689 vina
1153 1649 1390 1706 flagrarent.

46 1719 137 1776 Ipsa
170 1718 211 1759 in
242 1717 380 1760 medio
413 1725 546 1766 stans,-
579 1718 739 1765 Bibite,
775 1718 935 1774 inquit,
966 1726 1007 1760 et
1041 1719 1324 1769 inebriamini,
1350 1729 1398 1763 ut

50 1789 170 1830 cadat
186 1787 493 1843 unusquisque,
514 1795 555 1827 et
578 1802 662 1828 non
684 1795 885 1844 resurgat.
913 1788 986 1828 Ille
1008 1790 1118 1844 apud
1135 1804 1202 1830 me
1219 1789 1394 1845 primus,

51 1858 120 1914 qui
151 1857 337 1898 omnium
372 1856 686 1914 perditissimus.
726 1857 799 1897 Ille
825 1872 943 1897 meus
967 1865 1054 1905 cst,
1094 1857 1164 1913 qui
1190 1873 1287 1899 suus
1316 1873 1402 1900 non

38 1936 126 1970 cst.
163 1928 236 1969 ll-le
257 1927 359 1969 mihi
383 1927 563 1984 gratior,
591 1927 661 1983 qui
689 1926 766 1968 sibi
793 1926 981 1982 nequior.
1015 1925 1129 1968 Calix
1151 1915 1299 1969 aureus
1320 1929 1403 1971 Ba-

47 1997 217 2055 bylonis
246 1997 288 2038 in
317 2012 445 2038 manu
476 2011 568 2037 mea
601 1996 810 2037 inebrians
843 2011 1011 2037 omnem
1051 2004 1229 2046 terram,
1259 2014 1280 2039 a
1307 1999 1403 2040 vino

43 2082 149 2109 'meo
172 2066 370 2108 biberunt
390 2081 536 2106 omnes
560 2074 714 2122 gentes.
745 2065 828 2116 Qui
848 2073 908 2107 cst
933 2081 1030 2122 crgo
1055 2066 1313 2122 insipientior
1339 2068 1406 2110 di·-

42 2143 190 2179 ·vertat
213 2137 265 2177 ad
286 2151 354 2177 me
370 2167 380 2183 ,
404 2144 446 2177 et
471 2135 753 2193 indigentibus
780 2135 979 2191 sapientia
1008 2136 1206 2193 praecipio
1229 2137 1371 2179 dicens
1390 2152 1400 2179 :

45 2234 47 2236 v
79 2207 295 2249 «Panibus
318 2206 571 2247 absconditis
593 2207 774 2247 suaviter
795 2205 986 2253 utimini,
1017 2213 1058 2247 ct
1082 2221 1230 2262 aquam
1262 2207 1407 2249 furtim

50 2276 324 2319 ·»dulc-iorem
346 2276 477 2317 bibite
503 2275 533 2317 ².
560 2275 860 2317 Manducemus
879 2284 919 2316 et
939 2275 1154 2324 bibamus3
1184 2291 1273 2318 cras
1295 2277 1409 2320 enim

47 2347 332 2389 *nmoriemun
359 2346 550 2388 Transiet
570 2347 652 2388 vita
675 2353 816 2387 nostra
843 2353 1040 2401 tanquam
1066 2346 1234 2404 vestigia
1259 2349 1405 2399 nubis,

46 2424 134 2458 *set
170 2424 369 2472 tanquam
398 2416 553 2457 nebula
583 2415 864 2472 dissipabitur.
894 2413 1049 2457 'Venite
1074 2431 1194 2473 ergo,
1221 2417 1413 2461 fruamur

53 2487 82 2524 'vat
91 2485 213 2526 bonis
231 2492 447 2541 quaesunt,
467 2492 506 2525 et
523 2492 693 2526 utamur
710 2492 898 2526 creatura
918 2492 1117 2540 tanquam
1136 2485 1413 2542 injuventute

51 2566 83 2594 ’ν
92 2555 298 2597 -ῡθΙθτίῑθτ,
308 2554 413 2597 Vino
426 2554 607 2611 pretioso
618 2554 890 2612 etunguentis
902 2568 976 2595 nos
993 2553 1240 2612 impleamus
1253 2587 1264 2604 ,
1275 2564 1316 2598 et
1330 2571 1415 2599 non

114 2651 124 2667 ¹
145 2645 239 2678 Prov.
255 2656 317 2682 vu,
338 2656 388 2682 αι,
405 2657 457 2686 22,
473 2643 611 2689 ktzseqq.
629 2640 669 2672 ἕ-
691 2646 887 2683 ·Ῥωιίῃ
914 2654 965 2687 τγ.
