1742 3233
305 267 324 279 ν

275 282 359 309 202
821 281 850 309 S.
893 281 1081 309 AMBnosn

274 366 465 416 aspectus
485 374 494 400 :
517 374 662 401 verum
690 358 772 401 hoc
793 359 931 415 ipsum
960 367 1162 415 quantum
1185 367 1247 401 est
1274 360 1386 416 quod
1415 360 1629 411 videmus;

272 436 318 469 nt
345 443 394 469 eo
419 430 471 470 ad
494 427 810 470 similitudinem
838 428 914 470 Dei
941 444 1016 470 nos
1047 444 1135 470 esse
1155 429 1364 478 dicamus,
1391 431 1461 486 qui
1489 432 1629 474 onmia

272 496 406 545 videt,
431 505 590 554 spectat
616 497 777 546 omnia,
806 499 981 539 latentes
1005 497 1283 555 deprehendit
1299 499 1495 548 affectus,
1519 515 1632 541 scru-

271 574 386 608 tatur
408 567 545 608 cordis
569 567 765 609 occulta?
782 567 872 610 Non
892 569 1022 625 pudet
1042 567 1123 609 hoc
1148 567 1314 617 dicere3
1336 584 1432 610 cum
1452 570 1539 627 ipse
1561 584 1631 612 me

274 643 410 677 totum
446 636 587 678 videre
615 653 699 679 non
726 637 910 694 possim?
939 638 1066 689 Quod
1095 645 1188 679 ante
1216 637 1342 695 pedes
1365 647 1451 687 est,
1483 639 1632 687 video;

277 707 390 761 quod
417 721 438 747 a
467 714 584 763 tergo
619 715 703 756 est,
727 707 868 749 videre
902 722 984 748 non
1019 722 1201 764 possum.
1242 707 1458 749 Cervieem
1495 722 1635 750 meam

275 775 440 822 nescio,
466 790 551 816 non
574 776 670 817 novi
693 776 936 832 occipitium
952 807 962 824 ,
987 792 1107 817 renes
1134 792 1248 817 meos
1273 777 1414 818 videre
1437 792 1521 818 non
1542 792 1634 834 pos-

277 859 383 886 sum.
406 844 608 886 Similiter
624 853 829 901 quantum
846 854 909 887 est
931 847 1043 901 quod
1063 846 1322 894 audivimu53
1349 861 1445 887 cum
1463 846 1506 888 id
1522 847 1635 902 quod

276 916 496 970 paululum
528 914 678 963 distet,
701 915 843 956 videre
870 924 911 957 et
934 915 1079 957 audire
1114 930 1197 956 non
1221 916 1405 973 possim?
1439 915 1481 957 Si
1512 916 1638 957 inter-

277 983 377 1040 jecti
394 984 573 1041 parietes
595 985 698 1034 sint,
724 984 952 1042 impeditur
969 993 1181 1042 aspectus,
1204 986 1434 1043 impeditur
1453 986 1631 1028 auditus.

277 1053 439 1097 Deinde
471 1069 624 1112 corpus
661 1062 852 1096 nostrum
882 1070 967 1096 uno
1004 1054 1042 1096 in
1081 1057 1175 1097 loco
1198 1056 1346 1104 haeret,
1373 1064 1549 1113 angusto
1574 1056 1641 1096 in·—

280 1123 464 1164 cluditur
489 1124 635 1180 spatio.
663 1124 821 1167 Omnes
847 1124 943 1166 serae
964 1124 1130 1167 latiores
1154 1134 1250 1167 sunt
1272 1125 1442 1167 homine
1458 1157 1468 1174 ‚
1493 1138 1641 1167 omnes

283 1192 407 1234 etiam
440 1194 684 1236 velociores.

339 1262 464 1305 XLV.
503 1263 595 1305 Non
612 1279 711 1321 ergo
735 1279 831 1306 caro
856 1274 993 1322 potest
1016 1280 1105 1306 esse
1129 1266 1181 1307 ad
1197 1265 1421 1323 imaginem
1443 1264 1547 1312 Dei,
1569 1265 1643 1305 sed

284 1331 420 1373 anima
459 1340 626 1381 nostra,
655 1349 746 1389 quae
772 1334 901 1376 libera
935 1343 1022 1384 est,
1056 1343 1096 1376 et
1129 1334 1287 1376 diffusis
1317 1333 1644 1391 cogitationibus

286 1411 411 1459 atque
432 1403 614 1445 consiliis
633 1403 716 1445 huc
741 1412 864 1461 atque
887 1405 985 1446 illuc
1007 1413 1196 1462 vagatur,
1220 1419 1311 1461 quae
1336 1403 1645 1447 considerando

285 1481 444 1531 spectat
461 1473 616 1517 omnia.
632 1474 741 1516 Ecce
754 1489 867 1516 nunc
890 1490 1033 1516 sumus
1051 1475 1092 1516 in
1104 1475 1238 1526 Italia,
1263 1483 1305 1517 ct
1321 1474 1554 1531 cogitamus
1571 1486 1617 1513 ea
1631 1502 1643 1519 ‚

287 1559 378 1600 quse
404 1545 455 1584 ad
477 1543 700 1586 orientales
723 1553 794 1586 aut
815 1545 1096 1587 occidentales
1118 1553 1257 1603 partes
1280 1552 1471 1603 spectare
1497 1541 1647 1583 viden-

289 1623 374 1663 tur,
388 1623 428 1655 et
445 1629 543 1655 cum
562 1615 640 1657 illis
658 1616 810 1657 versari
828 1616 1034 1665 videmur,
1050 1616 1119 1672 qui
1138 1616 1178 1657 in
1191 1615 1361 1658 Perside
1383 1622 1481 1656 sunt
1496 1611 1648 1655 consti-

288 1684 389 1731 tuti,
405 1692 445 1725 et
464 1685 554 1726 illos
567 1685 774 1733 videmus,
791 1686 859 1742 qui
877 1687 1034 1743 degunt
1056 1686 1096 1727 in
1115 1685 1270 1734 Africa,
1286 1686 1317 1727 si
1335 1700 1438 1741 quos
1457 1683 1647 1740 cognitos

287 1753 408 1796 nobis
429 1769 477 1796 ea
499 1762 608 1796 terra
633 1756 863 1813 susceperit
887 1771 895 1797 :
923 1756 1139 1813 sequimur
1161 1755 1475 1813 proficiscentes
1492 1786 1502 1801 ,
1521 1752 1649 1794 inhae-

290 1839 430 1866 remus
443 1825 806 1882 peregrinantibus
821 1859 831 1875 ,
846 1828 1094 1884 copulamur
1112 1826 1372 1874 absentibus,
1393 1822 1650 1879 alloquimur

290 1902 524 1951 separatos,
547 1894 767 1936 defunctos
788 1910 956 1952 quoque
978 1898 1029 1937 ad
1047 1896 1304 1952 colloquium
1324 1893 1620 1936 resuscitamus
1634 1924 1646 1940 ,

288 1978 442 2020 eosque
454 1972 500 2005 ut
522 1964 704 2005 viventes
732 1965 1057 2022 complectimur
1078 1974 1120 2007 et
1143 1975 1360 2013 tenemus,
1385 1972 1427 2005 et
1442 1963 1536 2004 vitae
1553 1960 1650 2002 ossi-

290 2033 352 2076 cia
373 2034 437 2075 his
456 2050 661 2091 usumque
680 2034 917 2078 deserimus.
939 2035 997 2076 Ea
1020 2035 1144 2093 igitur
1162 2043 1223 2077 est
1241 2036 1292 2076 ad
1310 2033 1536 2091 imaginem
1552 2031 1648 2080 Dei,

292 2119 383 2160 quae
406 2119 489 2145 non
516 2120 719 2163 corporeo
740 2105 986 2154 aestimatur,
1013 2107 1087 2147 sed
1107 2105 1257 2148 mentis
1281 2105 1422 2162 vigore
1443 2119 1451 2145 :
1473 2118 1565 2160 quae
1583 2102 1652 2143 ab·

294 2183 430 2216 sentes
465 2175 601 2224 videt,
637 2175 915 2218 transmarina
943 2176 1033 2217 visu
1067 2176 1179 2225 obit,
1213 2175 1421 2233 percurrit
1454 2179 1650 2230 aspectu,

297 2253 510 2287 scrutatur
543 2246 708 2296 abdita,
741 2246 824 2289 huc
858 2254 981 2303 atque
1018 2247 1115 2288 illuc
1139 2262 1223 2288 uno
1257 2251 1471 2286 momento
1508 2255 1654 2284 sensus

295 2330 391 2356 suos
414 2330 488 2373 per
511 2316 638 2357 totius
660 2316 774 2358 orbis
801 2315 905 2358 fines
937 2325 980 2358 et
1009 2317 1155 2358 mundi
1185 2324 1342 2358 secreta
1369 2312 1614 2356 circumfert
1640 2326 1651 2352 :

295 2399 388 2441 quae
422 2385 510 2426 Deo
532 2385 737 2443 jungitur,
772 2385 938 2427 Christo
969 2387 1177 2434 adhaeret,
1212 2383 1431 2427 descendit
1462 2382 1503 2423 in
1532 2379 1657 2422 infer—

295 2468 422 2502 num,
454 2463 577 2511 atque
604 2456 816 2506 ascendit,
851 2456 980 2497 libera
1012 2464 1199 2498 versatur
1231 2455 1271 2496 in
1304 2456 1423 2496 coelo.
1462 2450 1657 2506 Denique

298 2523 395 2564 audi
416 2523 627 2567 dicentem
647 2541 656 2567 :
674 2543 690 2565 «
707 2525 856 2569 Nostra
873 2534 1013 2569 autem
1032 2524 1291 2568 conversatio
1308 2524 1356 2566 in
1375 2522 1490 2565 coelis
1505 2518 1608 2562 est¹.
1627 2536 1645 2557 Β

344 2620 354 2637 ⁸
374 2614 494 2658 Philip.
516 2626 568 2666 ui,
586 2627 636 2649 ao.
