1742 3233
484 293 535 319 Dr.
569 290 774 319 mimum.
815 290 890 317 Lm.
931 291 972 317 11.
1320 280 1403 336 :393

58 369 167 410 oculi
190 375 308 415 sunt,
331 367 438 409 binae
461 384 602 417 aures,
623 369 714 410 (luae
736 382 850 424 genae
866 399 876 414 ,
898 382 1015 407 nares
1035 367 1170 409 (livisse
1185 401 1194 416 ,
1216 369 1403 411 dentium

57 437 288 494 geminatus
316 439 435 486 ordo,
465 438 608 486 ubera,
634 438 827 493 scapula),
856 451 1021 485 manus,
1055 439 1196 486 latera,
1220 440 1402 489 seniora,

58 522 206 563 genua,
233 522 370 554 crura,
392 508 538 563 pedes3
564 521 703 548 nonne
715 505 810 547 bina
829 505 983 553 omnia,
1009 514 1053 547 ut
1075 507 1248 550 subnixa
1272 510 1380 565 genii

58 578 163 619 natis
181 577 374 618 subsidiis
390 577 529 618 omnia
547 586 687 618 nostra
706 576 821 618 obire
838 575 1055 616 videantur
1073 576 1238 618 ossicia?
1255 579 1403 623 Anima

58 646 182 687 etiam
196 645 440 688 divisionem
459 661 628 688 suarum
646 645 1064 704 patiturportionum.
1083 644 1187 687 Nam
1203 653 1404 703 ὃιορατικὶν,

57 715 138 756 hoc
155 722 236 764 est,
260 715 473 772 superiora
500 716 612 771 (58),
637 715 753 772 quasi
775 714 886 756 oculi
908 715 1077 771 quidam
1101 717 1322 764 contrarii,
1348 733 1407 758 ra-

58 784 256 827 tionabile
282 793 343 826 est
366 794 406 827 et
431 785 725 827 irrationabile.
762 784 1020 827 Rationabile
1050 785 1185 842 ipsum
1212 787 1409 829 dixiditur

60 853 169 895 cirea
196 862 382 895 mentem
405 863 446 896 et
466 870 714 906 sermonem.
745 853 947 896 Sensibile
972 854 1061 910 ejus
1089 855 1129 895 in
1157 857 1346 897 auditum
1369 865 1409 898 et

58 924 214 972 visum,
242 924 393 980 quibus
419 925 511 967 ritae
534 925 659 982 hujus
686 925 925 968 cumulatur
946 925 1086 982 gratia.
1115 925 1218 968 Nam
1245 928 1348 968 odor
1370 937 1407 969 el

60 1003 204 1052 gustus
225 995 358 1036 vitalis
380 1010 479 1036 usus
504 995 701 1037 videntur
717 995 997 1037 necessarium
1020 996 1207 1052 praebere
1230 996 1412 1037 ministe-

60 1066 181 1106 rium.
219 1064 348 1107 Nares
379 1064 467 1121 jugi
503 1064 604 1106 flatu
630 1064 924 1121 aspirationem
957 1064 1197 1121 recipiendo
1226 1065 1411 1115 vitalem,

62 1135 306 1175 continuato
340 1136 523 1190 quodam
562 1134 837 1175 substantiam
869 1133 1048 1174 hominis
1085 1133 1180 1175 cibo
1219 1144 1408 1191 pascunt.

62 1204 219 1245 Gustus
237 1211 375 1244 autem
398 1211 500 1261 potu
518 1204 735 1260 epulisque
750 1212 983 1260 generatur.
1010 1203 1192 1255 Quintus
1211 1219 1308 1246 vero
1327 1220 1418 1247 sen⁴

63 1274 146 1324 sus,
172 1274 252 1316 hoc
275 1282 352 1323 est,
372 1282 524 1323 tactus,
549 1276 660 1316 velut
679 1275 886 1316 admixtus
905 1282 967 1316 est
990 1274 1067 1316 illis
1090 1283 1280 1331 quatuor.
1301 1277 1418 1319 Odor

63 1353 104 1386 et
135 1353 278 1401 gustus
298 1346 488 1400 quaedam
520 1345 650 1402 magis
676 1344 871 1386 alimenta
901 1353 997 1386 suut
1026 1345 1237 1402 corporis,
1267 1347 1418 1402 quibus

66 1414 192 1471 hujus
215 1414 350 1455 carnis
381 1414 525 1456 militia
550 1414 747 1455 subsistit.
779 1414 899 1457 Visus
928 1430 1026 1456 vero
1050 1423 1091 1456 et
1120 1415 1282 1457 auditus
1306 1430 1421 1457 men-

67 1492 153 1526 tem
175 1483 385 1540 adjuvant.
413 1485 484 1526 Hae
508 1493 605 1526 sunt
626 1484 848 1526 divisiones
877 1501 968 1541 quse
992 1487 1224 1527 secundum
1252 1501 1421 1529 carnem

68 1562 259 1596 nostram
278 1554 542 1611 animamque
565 1571 587 1596 a
610 1570 773 1597 summo
792 1564 1011 1612 operatore
1030 1556 1168 1612 ‹livisae
1191 1564 1298 1599 sunt.

127 1623 273 1667 LVIII.
311 1626 429 1666 Unde
447 1633 611 1682 oportet
634 1640 708 1666 nos
727 1626 921 1683 colligere
945 1627 1038 1683 quia
1062 1627 1185 1669 etiam
1206 1628 1281 1670 iste
1304 1643 1424 1670 1111111-

70 1696 147 1735 dus
162 1696 274 1736 velut
288 1709 364 1750 per
375 1695 565 1736 membra
583 1696 774 1751 quaedam
791 1696 972 1752 gemina,
993 1705 1033 1739 et
1045 1705 1244 1754 tanquam
1264 1707 1427 1755 &ampla

71 1784 168 1805 σωτα
200 1764 447 1806 distributus
477 1774 563 1807 est:
598 1773 707 1806 terra
738 1766 780 1807 in
812 1774 976 1808 montes
1010 1775 1051 1808 et
1079 1767 1121 1808 in
1151 1782 1350 1825 campos3
1384 1778 1427 1811 ut

72 1843 168 1876 sunt
195 1843 332 1892 partos
358 1835 489 1877 nostri
515 1836 703 1893 corporis
727 1836 918 1878 elatiores
948 1838 1056 1887 aliae,
1089 1837 1175 1879 aliae
1202 1839 1422 1895 planiores.

70 1904 477 1962 Emihefltscapulae,
497 1914 538 1948 ot
549 1907 703 1963 pedum
717 1906 929 1963 superiora
943 1940 952 1955 ‚
973 1908 1038 1949 vel
1051 1923 1277 1950 manuum:
1299 1911 1428 1952 latera

74 1990 172 2017 vero
199 1974 248 2016 'e't
284 1974 478 2016 inferiora
510 1975 703 2024 cervicis,
738 1977 851 2017 velut
887 1979 996 2018 valet
1030 1978 1122 2019 trita
1151 1987 1193 2020 et
1229 1993 1423 2022 concava.

74 2044 200 2096 Quod
222 2053 265 2086 et
283 2046 334 2086 de
357 2046 448 2104 vola
470 2060 620 2087 manus
642 2046 872 2102 intelligere
893 2047 1003 2089 lieet.
1033 2048 1136 2090 Nam
1162 2049 1203 2089 in
1234 2049 1322 2105 ipso
1349 2051 1429 2091 eal-

74 2123 205 2158 eaneo
234 2116 351 2172 pedis
374 2116 557 2157 eminere
585 2116 660 2158 alia
676 2149 686 2164 ,
704 2106 845 2158 inedia
870 2126 1008 2158 auten]
1036 2118 1196 2159 sinuata
1227 2135 1315 2160 esse
1339 2121 1430 2175 quis·

75 2186 272 2240 dubitat?
288 2186 465 2242 Aqua-in
481 2186 586 2227 mari
608 2188 727 2240 salsa,
748 2186 789 2227 in
807 2186 979 2228 ssumine
1002 2188 1151 2236 dulcis,
1164 2190 1230 2230 vel
1247 2189 1286 2229 in
1311 2189 1432 2230 sonti-

74 2260 167 2301 bus.
194 2257 268 2298 Est
291 2260 361 2298 ae'r
381 2256 572 2312 hyberno
588 2256 779 2313 frigidus,
801 2256 908 2298 veris
925 2257 1139 2298 mensibus
1157 2265 1430 2315 temperatus,

77 2329 236 2372 calidus
257 2334 410 2368 aestate.
440 2326 548 2382 Ergo
572 2325 648 2367 ista
678 2326 815 2368 divisit
836 2335 1041 2384 operator.
1077 2328 1260 2369 Mentem
1292 2338 1434 2372 autem

77 2407 279 2445 nostram,
301 2412 391 2453 quse
408 2397 534 2437 modo
554 2396 707 2444 avium,
729 2396 929 2437 virtutum
949 2397 1206 2438 diversarum
1225 2406 1265 2439 et
1283 2399 1436 2456 xigoris

81 2468 145 2509 sui
167 2476 285 2524 vecta
306 2466 488 2523 remigiis
504 2499 514 2514 ,
538 2481 662 2523 super
683 2468 836 2507 eoelum
860 2467 1018 2514 evolat,
1044 2482 1129 2507 non
1150 2467 1314 2517 divisit3
1339 2469 1435 2525 quia

82 2537 277 2582 Trinitati
314 2537 497 2578 adhaeret
534 2536 732 2578 dividenti
773 2537 912 2578 onmia
927 2568 937 2585 ,
971 2537 1046 2578 soli
1077 2536 1275 2581 indivisae.
1319 2540 1438 2582 Unde

87 2606 325 2668 philosophi
356 2606 613 2665 superiorem
642 2607 790 2650 mundi
827 2606 952 2664 hujus
980 2607 1284 2658 substantiam,
1314 2624 1439 2666 quam

202 2692 279 2720 mv,
1240 2680 1293 2723 38
