1742 3233
372 249 424 274 m:
459 246 536 273 ΝΘΕ
572 246 622 273 m·
660 245 778 272 Ano-i.
818 245 934 271 mur-,n
968 244 1081 271 rxrs.
1315 230 1397 286 473

49 340 139 367 rosa
160 324 311 366 omnia.
346 323 449 365 Nam
474 338 569 363 cum
599 330 929 378 corrumpuntur
961 329 1172 378 tempora,
1209 336 1400 363 corrum-

47 394 341 451 punturetiam
358 393 440 440 illa,
467 408 556 448 quae
574 392 832 448 temporibus
855 392 937 432 suis
961 407 1135 447 quaeque
1154 391 1391 448 gignuntur.

47 463 89 504 Si
112 471 250 504 autem
279 463 468 503 confusio
496 462 546 503 sit
572 469 807 518 temporum
824 494 834 509 ,
867 464 1078 517 quomodo
1111 469 1283 518 possunt
1303 476 1399 502 cou-

45 533 206 575 fusione
232 534 339 573 sacta
362 532 486 573 ctiam
512 547 580 578 ca,
612 546 703 587 quse
735 539 831 572 sunt
859 531 1065 587 gignentia
1082 564 1091 579 ‚
1119 530 1399 586 permanere?

45 602 154 658 Ergo
183 609 373 658 tempora
402 609 519 648 sunt,
545 616 635 656 quae
660 608 729 641 aut
759 609 1036 657 corrumpunt
1065 607 1133 641 aut
1159 607 1395 646 reservant,

45 678 167 728 prout
200 670 286 728 ipsa
318 670 379 711 sui
415 670 637 711 habuerint
671 671 927 726 qualitatem.
971 670 1157 725 Ideoque
1190 683 1322 709 annus
1349 683 1400 708 ex

45 740 262 781 contrariis
285 739 468 787 ducitur,
493 755 610 787 vere,
638 748 863 788 autumno,
889 747 1027 781 <estate
1045 772 1054 787 ,
1081 740 1232 795 hyeme
1248 771 1258 785 ‚
1292 738 1399 779 sieut

44 808 261 849 harmonia
293 809 508 850 cantilenae
532 810 744 865 permixtis
773 810 965 866 gravibus
1002 817 1042 850 et
1073 809 1203 850 acutis
1230 808 1396 849 videtur

45 879 282 920 consistere.
301 879 366 921 Sic
386 887 534 935 ergoet
550 880 731 920 muudus
751 880 826 920 iste
840 895 887 920 ex
901 878 1118 920 contrariis
1137 878 1392 925 continetur,

45 951 139 989 ae‘re
155 956 196 989 et
218 956 326 989 terra
342 981 352 996 ,
379 948 461 1005 igni
482 957 522 990 et
545 964 661 1004 aqua.
691 949 839 990 Nostra
863 963 1030 1004 quoque
1053 962 1226 1003 corpora
1246 947 1399 1002 frigore

43 1025 84 1059 et
104 1019 242 1059 calore
256 1051 267 1067 ,
291 1018 468 1059 humore
485 1020 530 1059 et'
549 1019 735 1059 siccitate
751 1051 761 1066 ,
783 1019 1012 1073 vquemdam
1034 1024 1192 1057 naturae
1209 1017 1400 1056 ordinem

43 1077 218 1129 servant.
257 1088 362 1129 Nam
388 1089 419 1129 si
448 1088 646 1129 naturalis
681 1087 784 1128 ordo
818 1103 863 1127 ac
887 1102 1082 1128 mensura
1110 1085 1395 1133 confunditur,

42 1165 142 1198 tunc
165 1172 334 1205 neccsse
354 1165 416 1198 est
444 1165 643 1212 sequatur
659 1157 864 1198 interitus.
894 1157 1000 1213 Ergo
1025 1164 1186 1197 certum
1210 1156 1401 1197 ordinem

44 1235 279 1285 temporum
303 1227 533 1275 Dominus,
566 1235 725 1268 remota
754 1227 1000 1268 confusione
1025 1227 1193 1274 diluvii,
1224 1228 1275 1267 ad
1300 1241 1399 1283 per—

41 1296 314 1337 severantiam
327 1296 472 1337 muudi
492 1296 697 1352 promittit
712 1296 917 1337 futurum.

96 1365 332 1408 LXXXIII.
372 1365 508 1407 Altior
536 1375 676 1407 autem
705 1382 847 1407 sens-us
878 1367 955 1407 hoc
982 1366 1132 1413 habet,
1157 1373 1203 1406 ut
1235 1380 1310 1421 per
1333 1380 1400 1406 se-

40 1450 138 1477 men
170 1435 450 1492 intelligamus
489 1435 766 1492 principium,
801 1450 876 1492 per
908 1450 1085 1475 messem
1126 1434 1403 1490 intelligamus

40 1503 181 1545 finem.
213 1504 260 1544 In
282 1512 467 1560 utroque
491 1505 633 1546 salutis
668 1513 729 1545 est
765 1520 901 1545 causa.
939 1504 1129 1545 Alterum
1160 1503 1248 1544 sine
1270 1506 1399 1544 altero

40 1573 333 1632 imperfectum
367 1583 448 1622 θεῖς
477 1575 572 1630 quia
603 1574 673 1615 ubi
698 1573 952 1631 principium
974 1583 1036 1615 est
1057 1573 1152 1614 finis
1182 1573 1397 1629 quaerssur,

39 1660 118 1687 nec
143 1654 280 1702 potest
299 1661 403 1693 esse,
423 1646 586 1687 sublato
610 1644 709 1693 fine,
728 1645 981 1702 principium
994 1677 1004 1693 ,
1021 1653 1061 1686 et
1074 1644 1166 1697 finis
1184 1644 1224 1684 iu
1239 1643 1398 1701 princi-

38 1714 154 1771 pium
175 1714 364 1763 recurrit.
380 1715 488 1772 Ergo
499 1731 663 1772 semper
679 1715 719 1756 iu
736 1717 883 1756 eadem
900 1729 1172 1756 recursurum
1186 1748 1195 1763 ‚
1221 1717 1322 1756 dum
1346 1714 1387 1755 in

38 1783 118 1825 hoc
144 1785 303 1825 mundo
330 1792 413 1832 est,
434 1800 562 1840 genus
586 1792 791 1825 memorat
812 1783 1072 1830 humauum3
1097 1792 1143 1824 ut
1165 1799 1262 1824 cum
1287 1783 1391 1824 inci-

37 1852 100 1910 pit
134 1868 290 1900 annus,
329 1851 497 1894 finiatur
528 1869 536 1893 :
568 1869 664 1894 cum
701 1852 860 1901 finitur,
900 1852 1097 1909 incipiat,
1137 1868 1221 1893 non
1254 1851 1392 1894 medio

38 1923 221 1963 mundus
244 1930 432 1978 tempore
455 1924 697 1963 resolvatur.
728 1923 788 1963 Ita
810 1931 852 1963 et
877 1937 1011 1970 mens,
1036 1924 1202 1978 quando
1235 1921 1391 1977 aliquid

38 1992 204 2034 videtur
224 1992 430 2050 incipere,
456 1994 507 2033 ad
529 1991 656 2033 finem
675 2007 808 2048 usque
831 1994 1085 2041 contendat,
1116 2001 1157 2034 et
1178 1992 1314 2049 operis
1333 1992 1396 2033 sui

38 2062 265 2104 terminum
297 2070 465 2118 quaerat.
495 2062 674 2113 Quando
702 2062 791 2103 finit
814 2063 981 2117 aliquod
1009 2077 1111 2119 opus
1129 2095 1139 2110 ,
1171 2078 1255 2103 non
1276 2061 1394 2118 quasi

39 2141 330 2175 consummato
353 2148 479 2190 opere
501 2128 672 2174 ferietur
692 2149 700 2174 :
726 2134 797 2174 sed
819 2133 861 2174 in
878 2133 953 2174 alia
968 2141 1159 2174 recurrat
1183 2148 1327 2189 opera,
1354 2142 1396 2174 et

39 2217 203 2260 semper
218 2202 476 2244 incrementa
499 2203 662 2244 virtutis
686 2211 898 2250 exerceam
922 2202 1264 2258 quandoquidem
1281 2203 1394 2244 videt

39 2274 153 2330 quod
177 2272 219 2312 in
242 2272 403 2313 fructus
434 2287 530 2313 suos
561 2287 726 2329 semper
753 2281 862 2313 terra
888 2280 1123 2319 revocetur,
1153 2272 1224 2328 qui
1248 2272 1398 2314 diversi

39 2351 111 2384 aut
131 2356 228 2383 vere
251 2349 292 2382 et
313 2349 454 2382 aestate
470 2374 480 2390 ,
506 2350 550 2383 ut
570 2342 609 2382 in
632 2343 821 2398 partibus
843 2342 1047 2389 Orientis,
1072 2350 1142 2382 aut
1164 2350 1307 2383 aestate
1331 2356 1399 2383 au-

38 2420 274 2467 tumnoque
292 2419 534 2460 nascantur,
558 2420 604 2453 ut
625 2412 666 2453 in
689 2412 876 2469 partibus
899 2411 1154 2453 Occidentis.

95 2480 329 2524 LXXXIV.
379 2479 471 2522 Alio
509 2489 697 2539 tempore
740 2490 948 2523 terrarum
996 2481 1215 2522 seminaria
1256 2488 1399 2537 partus

41 2566 135 2593 suos
156 2552 289 2595 edunt
314 2565 322 2592 :
351 2549 429 2593 alio
459 2559 598 2594 autem
626 2560 815 2609 tempore
853 2551 1016 2593 fructus
1040 2551 1240 2593 arborum
1262 2550 1402 2608 carpi-
