1742 3233
320 222 403 263 568
865 236 896 263 s.
938 236 1125 263 Aimizosu

314 315 427 356 tione
448 314 560 356 enim
581 314 792 370 justorum
811 314 952 356 laetitia
979 314 1085 371 jugis
1111 313 1191 355 erit
1208 320 1249 354 et
1266 313 1395 370 gratia
1413 346 1423 361 ‚
1448 328 1545 355 cum
1570 315 1673 359 illud

315 386 475 429 bonum
498 385 673 442 eoeperit
694 400 783 427 esse
802 394 901 427 'cum
919 386 1071 427 sanctis
1088 385 1170 426 suis
1184 417 1195 434 ,
1216 384 1384 441 quaudo
1408 385 1671 441 requiescent

313 454 355 497 in
380 455 470 496 sinu
501 454 702 503 Abrahae,
735 455 857 512 positi
884 455 925 496 in
957 455 1047 511 ejus
1078 455 1373 502 tabernaculo,
1416 456 1530 511 quod
1558 455 1670 498 inter

316 523 489 565 domum
519 525 585 565 vel
612 539 850 566 sermonem
871 525 946 566 Dei
970 533 1010 566 et
1038 525 1214 581 gratiam
1241 524 1369 565 fixum
1392 532 1454 566 est
1476 540 1484 565 :
1511 524 1673 582 signifi-

319 608 418 636 cans
453 594 739 637 innocentiam
779 595 965 637 fidelium
1009 611 1129 652 agere
1171 595 1321 652 gratias
1368 595 1527 636 auctori
1567 611 1642 637 suo
1661 627 1673 644 ,

321 665 390 722 qui
419 680 502 706 non
527 665 684 707 habent
706 667 819 707 unde
848 681 919 707 eos
949 666 1147 723 poeniteat
1171 666 1212 706 in
1245 666 1326 706 hoe
1349 667 1506 707 mundo
1532 665 1669 708 fuisse.

379 736 537 777 XXIII.
574 735 713 777 Factis
747 736 886 792 itaque
920 736 1179 794 simplicibus
1211 735 1391 777 Abrahae
1424 751 1673 793 magnarum

326 804 638 846 institutionum
668 806 918 847 documenta
944 807 1217 863 explicantur.
1246 805 1392 847 Merito
1424 805 1554 853 dives,
1581 805 1670 861 qui

322 874 446 915 etiam
487 875 788 932 disputationes
812 876 1159 933 philosophorum
1193 875 1337 917 divites
1368 874 1490 925 facit,
1516 875 1586 932 qui
1609 875 1660 917 (lo

324 944 414 1000 ejus
447 953 541 986 actu
564 954 771 1003 praecepta
795 946 1023 988 formarent
1047 961 1132 988 sua.

382 1014 539 1057 XXIV.
577 1015 679 1072 Ejus
701 1031 799 1073 crgo
818 1016 978 1058 divitias
1006 1016 1221 1072 Scriptura
1240 1022 1498 1072 expresserat
1527 1029 1535 1055 :
1562 1029 1686 1072 supc-

327 1095 442 1129 rerat
473 1102 727 1144 cognoscere
759 1096 1001 1129 utrumnam
1031 1087 1108 1129 Lot
1139 1103 1306 1143 quoque
1337 1102 1466 1144 nepos
1496 1086 1610 1143 ojus,
1643 1095 1683 1128 ct

328 1157 414 1214 ipse
438 1166 584 1215 utpote
608 1159 800 1215 ejusdcm
830 1159 1103 1201 successionis
1118 1191 1128 1207 ,
1150 1159 1261 1200 (lives
1278 1158 1401 1200 suerit
1428 1173 1436 1199 :
1458 1159 1529 1200 sed
1550 1157 1687 1215 Scrip-

326 1233 424 1282 tura
443 1242 539 1268 eum
557 1229 718 1285 pecoris
737 1237 899 1270 tantum
918 1230 1202 1270 abundantem
1227 1229 1382 1270 asserit.
1413 1229 1603 1284 Denique
1627 1227 1686 1270 sic

330 1295 493 1337 habet:
531 1297 614 1338 «Et
654 1297 761 1348 Lot,
797 1299 867 1355 qui
906 1299 1029 1340 simul
1075 1299 1315 1341 ambulabat
1365 1314 1461 1340 cum
1495 1299 1676 1348 Abram,

327 1375 478 1408 »erant
507 1382 602 1410 oves
637 1377 679 1410 et
718 1369 868 1417 boves,
906 1378 948 1412 et
985 1369 1289 1412 tabernacula¹.
1316 1388 1331 1409 »
1382 1369 1473 1411 'Non
1503 1368 1688 1411 babebat

325 1444 574 1493 argentum,
610 1438 705 1494 quia
743 1441 932 1481 nondum
958 1439 1106 1496 justus.
1134 1440 1299 1482 Etenim
1333 1448 1553 1497 argeutum
1581 1439 1689 1496 igni-

333 1514 423 1548 tum
447 1508 588 1565 lingua
615 1508 735 1551 Justi.
760 1510 852 1552 Non
879 1509 1061 1552 habebat
1083 1525 1257 1559 aurum,
1284 1511 1397 1566 quod
1417 1510 1601 1552 habebat
1620 1509 1689 1552 ille

332 1577 403 1633 qui
430 1578 532 1620 vidit
563 1578 717 1621 Christi
752 1580 1010 1638 posteriora,
1043 1582 1093 1623 do
1124 1596 1207 1637 quo
1239 1581 1442 1637 scriptum
1469 1588 1529 1621 est
1558 1595 1567 1621 :
1605 1579 1690 1622 “Et

330 1648 590 1704 »posteriora
612 1648 703 1706 ejus
727 1650 768 1691 in
793 1650 932 1707 specie
960 1650 1088 1692 auri2.
1119 1669 1133 1689 »
1166 1650 1278 1692 Yidit
1307 1650 1424 1692 illum
1446 1650 1688 1698 Abraham,

332 1716 440 1758 sicut
465 1726 639 1761 testatus
666 1729 728 1762 est
748 1720 952 1763 Dominus
979 1721 1120 1762 dicens
1146 1737 1154 1762 :
1181 1719 1394 1762 Abraham
1413 1720 1524 1762 diem
1546 1735 1689 1762 meum

331 1786 479 1836 »iidit³
508 1797 550 1830 et
571 1789 734 1846 gavisus
757 1798 819 1833 est
835 1789 865 1832 ³.
888 1809 903 1830 »
936 1792 985 1833 Et
1008 1791 1102 1832 idco
1126 1790 1214 1832 auri
1231 1789 1414 1848 speciem
1430 1790 1585 1832 habere
1607 1804 1694 1831 me-

329 1858 412 1900 ruit
435 1867 475 1901 ct
497 1861 726 1917 possidere.

378 1959 386 1974 ¹
406 1951 489 1983 Gen.
509 1964 580 1993 xm,
600 1955 629 1985 5.
649 1972 689 1978 —-
705 1965 717 1978 ²
738 1954 821 1988 Psal.
841 1966 940 1995 ιυίι,
963 1957 1012 1989 ι5.
1031 1973 1069 1980 -
1091 1958 1103 1979 3
1126 1953 1220 1988 Joan'.
1239 1966 1315 1994 vm,
1335 1955 1387 1986 56.
