1742 3233
282 275 368 323 614
823 286 854 313 s.
894 286 1083 314 Aiissnosu

280 371 329 405 ut
352 362 539 404 interiret
564 363 700 404 anima
716 362 830 418 ejus,-
851 377 950 405 cum
967 363 1054 420 ipsa
1071 364 1137 405 lex
1154 364 1281 405 etiam
1294 363 1517 407 homicidae
1538 365 1634 423 (qui
1684 370 1692 377 ⁶

285 442 428 475 tamen
451 447 536 474 non
558 432 839 475 voluntarium
858 432 1018 475 facinus
1040 433 1218 475 necandi
1239 433 1420 476 hominis
1442 435 1636 493 impleve-

283 504 360 556 rit)
384 503 569 544 civitates
586 503 910 560 praescripserit,
936 504 988 545 ad
1005 518 1107 559 quas
1124 503 1405 561 confugiendo
1425 513 1637 548 mereatur

281 573 494 631 sanguinis
512 574 803 631 impunitatem
820 574 850 616 ¹.
874 574 1098 626 Quomodo
1122 590 1221 631 ergo
1238 583 1311 617 aut
1329 575 1415 618 illic
1438 576 1544 618 ratio
1560 577 1639 619 ha·-
1677 604 1679 606 -

283 645 408 688 betur
434 643 613 686 sortuitae
636 644 748 685 necis
774 660 783 685 :
814 656 884 686 aut
903 645 972 686 hic
993 644 1097 686 ratio
1121 644 1304 688 infant-iae
1326 661 1411 688 non
1433 646 1636 697 habetur,

279 715 327 756 in
350 730 430 770 qua
453 715 613 756 crimen
634 729 719 756 non
740 715 877 771 potuit
897 730 986 757 esso
1005 723 1076 757 aut
1093 715 1452 766 dissimulationis,
1473 726 1545 759 aut
1565 732 1642 759 vo-

284 786 479 833 luntati53
499 785 577 827 nisi
599 785 705 827 sorte
722 793 872 841 putent
895 787 1039 842 aliqui,
1064 787 1159 843 quia
1179 787 1218 829 in
1236 795 1372 829 morte
1389 786 1462 830 filii
1478 789 1642 846 gravius

286 856 522 914 puniuntur
550 856 774 913 parentes?
805 857 889 898 Sed
918 857 1123 914 injustum
1149 867 1321 916 putatur
1347 867 1395 901 ut
1417 861 1539 916 culpa
1565 874 1644 902 no-

232 980 243 991 l
290 933 462 968 centum
484 924 686 967 inseratur
708 941 830 983 poena
852 926 1084 976 innocenti,
1109 930 1176 970 vel
1198 937 1371 986 propter
1385 939 1553 987 poenam
1567 943 1645 971 no-

291 995 424 1038 centis
454 995 655 1037 innocens
684 997 906 1053 puniatur,
939 1006 1009 1039 aut
1034 996 1107 1039 fiat
1135 1012 1307 1040 consors
1331 998 1545 1056 supplicii,
1575 998 1646 1055 qui

291 1065 432 1122 dispar
449 1074 511 1107 est
533 1066 697 1108 merito.
725 1067 843 1108 [nde
867 1067 994 1123 aliqui
1019 1076 1171 1125 putant
1187 1069 1301 1124 quod
1322 1070 1373 1110 'de
1389 1076 1562 1126 parente
1582 1069 1648 1125 di-

293 1144 360 1178 cat
376 1137 708 1185 exterminando,
734 1139 848 1193 quod
869 1137 959 1194 ejus
985 1138 1162 1180 intereat
1180 1139 1338 1187 anima,
1364 1152 1448 1180 non
1468 1134 1643 1197 parvuli}

294 1206 378 1248 Sed
400 1205 518 1248 valde
542 1208 787 1263 ambiguum
807 1216 892 1255 θεὶς
920 1208 1020 1250 licet
1041 1207 1289 1265 suffragetur
1309 1208 1408 1250 huic
1433 1209 1649 1252 assertioni

296 1276 411 1331 quod
439 1276 496 1316 ait
527 1290 569 1316 z«
594 1276 702 1326 Quia
734 1284 1032 1318 testamentum
1065 1292 1209 1318 meum
1237 1278 1474 1335 interrupit.
1505 1278 1652 1334 Itaque

296 1344 379 1386 hoc
396 1346 448 1387 ad
463 1345 766 1404 intelligentem
782 1347 928 1404 magis,
954 1363 1079 1403 quam
1097 1348 1149 1389 ad
1165 1346 1369 1388 infantem
1384 1347 1652 1390 referendum

295 1415 472 1458 videtur.
506 1416 588 1458 Alii
619 1417 808 1474 graviora
841 1417 1084 1474 parentibus
1110 1419 1177 1459 vel
1204 1416 1367 1459 silentio
1390 1417 1654 1460 minitantem

297 1493 448 1542 putant
463 1487 696 1529 Dominum
705 1488 858 1537 Deum,
870 1503 953 1544 quo
970 1489 1062 1545 plus
1080 1488 1255 1530 timeant
1271 1487 1472 1544 majores,
1485 1489 1655 1545 quando

296 1571 375 1598 ncc
397 1557 544 1599 infanti
568 1559 769 1616 parcitur.

364 1627 599 1679 LXXXIV.
635 1629 736 1671 Mihi
773 1637 912 1670 autem
943 1628 1041 1670 satis
1074 1629 1237 1686 liquido
1267 1637 1382 1688 patet
1409 1629 1572 1670 dictum
1605 1628 1657 1670 de

298 1699 634 1756 uniuscujusque
649 1706 804 1740 mente.
825 1698 1013 1740 Diximus
1029 1699 1143 1740 enim
1161 1700 1336 1742 masculi
1353 1699 1523 1741 nomine
1536 1712 1658 1740 men—

302 1781 386 1814 tem
408 1770 633 1829 significari
650 1803 660 1819 ,
687 1772 802 1827 quod
824 1770 874 1812 sit
892 1770 1052 1811 validus
1072 1770 1223 1812 mentis
1250 1771 1366 1828 vigor
1381 1802 1392 1819 ,
1411 1778 1453 1812 et
1475 1769 1658 1811 animam

299 1842 342 1883 in
368 1842 431 1883 sui
456 1842 651 1898 copulam
676 1841 836 1888 trahat,
866 1841 1002 1896 sitque
1022 1840 1313 1882 vehementior
1337 1846 1536 1896 tanquam
1559 1853 1658 1881 sexu

302 1912 455 1970 potior,
480 1920 521 1952 et
547 1912 655 1953 virili
677 1911 899 1954 validitate.
921 1912 1030 1969 Ergo
1049 1911 1138 1953 haec
1156 1911 1262 1953 ratio
1284 1919 1368 1959 est,
1389 1911 1503 1967 quod
1523 1910 1659 1952 omnis

302 1999 437 2031 mens,
456 1998 547 2039 quae
564 1998 647 2024 non
660 1983 786 2025 suerit
805 1983 1055 2024 circumcisa
1074 1998 1096 2024 a
1113 1982 1334 2040 superfluis
1353 1981 1657 2039 corporalibus,

304 2063 346 2096 et
362 2062 535 2111 purgata
558 2054 732 2095 solemni
750 2069 928 2096 munero
943 2087 953 2103 ,
979 2061 1025 2095 ut
1050 2062 1175 2095 exuat
1196 2069 1238 2095 se
1259 2053 1524 2111 passionibus
1540 2060 1583 2094 et
1597 2051 1660 2093 vi-

304 2125 393 2174 tiis,
414 2123 611 2166 interibit.
637 2124 729 2166 Non
753 2139 868 2173 caro,
894 2124 1043 2181 inquit,
1068 2124 1272 2174 interibit,
1295 2138 1380 2166 non
1395 2123 1524 2166 homo
1551 2137 1560 2164 :
1586 2123 1661 2165 sed

304 2195 442 2236 anima
458 2194 526 2236 illa
542 2194 746 2243 interibit,
766 2195 861 2251 quia
883 2194 1021 2252 potuit
1036 2196 1146 2237 salva
1163 2194 1269 2244 fiori,
1286 2195 1319 2237 si
1335 2189 1550 2251 habuisset
1565 2208 1660 2251 pur-

306 2265 533 2322 gationem.
569 2265 690 2307 Nuda
723 2274 863 2308 autem
895 2265 1104 2324 praesidii,
1132 2274 1175 2307 et
1207 2264 1492 2308 incircumcisi
1523 2263 1661 2307 cordis

308 2335 544 2377 colluvione
556 2335 762 2377 infirmior
779 2337 956 2378 salutem
969 2335 1131 2393 generis
1150 2335 1212 2377 sui
1229 2350 1314 2377 non
1329 2335 1466 2392 potuit
1478 2346 1656 2377 servare.

307 2406 445 2448 Omne
477 2414 615 2448 autem
641 2421 773 2464 genus
797 2407 963 2449 videtur
993 2406 1257 2457 immortale,
1295 2414 1344 2448 ut
1372 2406 1499 2448 homo
1530 2419 1661 2463 genus

309 2484 371 2517 est
395 2476 505 2534 (61),
525 2485 573 2518 ut
594 2478 702 2522 ullus
723 2477 883 2535 species
905 2485 985 2519 est.
1012 2477 1148 2518 Homo
1173 2487 1338 2533 semper
1356 2475 1533 2523 dieitur,
1552 2475 1661 2516 ullus

306 2560 391 2587 non
407 2557 586 2604 semper,
601 2547 684 2589 imo
698 2561 783 2590 non
798 2547 942 2592 deficit
958 2549 1079 2592 ullus.
1094 2545 1246 2592 Deficit
1263 2546 1335 2604 qui
1348 2545 1476 2589 fidem
1491 2555 1577 2588 non
1589 2543 1661 2587 ha-

353 2643 368 2662 ·
387 2638 498 2672 Josue.
514 2650 569 2675 xx,
589 2651 617 2676 2,
637 2641 667 2672 5.
