1742 3233
298 232 384 283 646
847 268 853 271 .
908 247 1044 281 mnnx.

297 322 408 354 Cmur
423 321 504 353 VII.
529 321 591 354 Per
606 331 692 354 mare
717 322 927 366 Evangelium
943 329 975 357 et
998 322 1173 356 Ecclesiam
1199 320 1342 364 signari,
1366 325 1398 354 et
1419 320 1544 365 guidin

341 376 421 407 mari
448 375 509 406 hoc
539 380 690 416 praestare
719 375 835 408 debeat
861 377 957 409 homo
996 377 1104 420 piscis.
1144 376 1305 421 Conjuges
1331 374 1376 418 ad
1403 380 1546 415 mutuam

341 439 467 460 morum
493 428 714 464 tolerantiam,
743 429 953 470 charitatem,
984 430 1090 466 fidem,
1117 430 1262 472 exemplo
1291 429 1408 471 viperae
1434 428 1546 472 impel-

339 483 460 513 luntur.
475 481 544 512 Cur
560 481 643 512 idem
656 482 839 523 exemplum
853 483 886 514 in
910 489 1078 525 utramque
1094 488 1216 525 partem
1231 487 1430 524 usurpatum.
1481 477 1484 479 ’
1593 481 1650 524 175

299 534 405 567 Cum·
422 534 525 565 VIII.
551 535 601 566 De
622 535 737 568 astutia
754 536 860 579 polypi
876 542 908 570 et
925 537 1045 576 cancri,
1063 537 1178 582 quibus
1195 536 1386 568 fraudulenti
1402 535 1547 571 homines

343 588 573 620 adumbrantur
588 600 596 626 3
623 599 695 621 cum
711 589 937 623 exhortatione
964 591 1004 622 ad
1026 590 1208 633 fugiendam
1235 589 1455 631 cupiditatem.
1594 587 1653 631 178

301 642 410 674 Cncr
428 641 492 673 IX.
518 643 566 674 De
592 642 791 684 praescientia
817 644 921 676 echini
952 645 1092 677 suturam
1120 648 1341 687 tempestatem
1366 641 1554 674 nuntiantis.

342 696 425 727 Eum
441 695 595 738 accepisse
611 696 671 728 hoc
687 696 809 757 donum
824 708 841 729 a
856 699 939 735 Deo,
956 699 1045 740 cujus
1060 696 1281 740 indulgentia'
1275 707 1308 728 in
1325 695 1432 728 omnia
1445 700 1551 730 creata

344 749 549 791 praedicatur.
1592 747 1654 789 ,181

301 803 410 834 CArcr
432 803 479 834 X.
503 802 629 844 Cuique
646 803 779 845 piscium
796 804 903 845 generi
924 804 1107 847 praescripta
1120 813 1185 836 esse
1202 812 1255 834 sua
1273 801 1453 843 domicilia,
1467 800 1553 844 unde

343 856 482 887 humana
501 855 613 887 levitas
627 880 636 895 ,
658 866 694 887 ac
713 856 840 888 luxuria
855 857 1127 894 condemnantur3
1153 862 1259 889 tamen
1283 855 1435 898 quosdam
1455 857 1554 897 pisces

345 909 385 941 ad
401 909 542 941 sobolem
557 909 626 942 loca
647 916 791 947 mutare;
811 910 898 953 cujus
918 912 964 944 rei
980 912 1061 944 ratio
1076 910 1278 954 expenditur,
1295 915 1328 942 et
1348 903 1486 949 hominis
1501 919 1553 942 re-

347 962 558 1005 prehenditur
584 963 830 1000 incontinentia.
854 965 939 997 Item
963 964 1002 997 de
1017 964 1208 1008 specialibus
1224 963 1404 1008 aliquorum
1420 962 1557 1008 piscium

346 1015 530 1048 virtutibus.
684 1054 697 1058 ,
1598 1015 1656 1051 183

305 1069 413 1101 Cim
441 1070 506 1101 XI.
535 1070 585 1102 De
610 1071 749 1113 piscibus
778 1072 929 1104 Atlantici
953 1072 1071 1109 maris;
1098 1072 1175 1104 item
1200 1072 1242 1104 de
1263 1072 1352 1114 sale,
1371 1071 1503 1110 corallio
1523 1075 1556 1103 et

348 1123 416 1155 aliis
436 1123 640 1165 quibusdam.
660 1124 712 1156 Ob
739 1135 774 1156 ea
798 1125 853 1157 sed
880 1126 1015 1158 maxime
1041 1125 1083 1158 ob
1104 1125 1343 1169 navigationem
1357 1135 1446 1164 mare
1462 1123 1556 1158 terris

348 1182 523 1219 praestare;
551 1183 623 1220 post
648 1188 718 1221 quae
746 1179 854 1220 paucis
880 1179 918 1211 de
943 1179 1026 1213 Jona
1052 1190 1088 1212 ac
1116 1179 1213 1212 Petro
1229 1179 1436 1219 memoratis,
1454 1188 1557 1220 sermo

349 1229 520 1261 clauditur.
1523 1257 1526 1260 .
1606 1229 1665 1262 188

306 1282 414 1314 Cnnr
439 1283 522 1315 XII.
542 1283 722 1326 Fingitsibi
737 1295 754 1316 e
777 1285 929 1316 memoria
955 1296 1026 1318 ares
1045 1287 1203 1323 evolasse,
1228 1286 1267 1318 ad
1291 1296 1368 1328 quas
1385 1286 1563 1317 orationem

352 1338 511 1379 elegenter
533 1345 672 1371 revocat.
700 1339 869 1372 Auditores
891 1340 950 1376 sibi
969 1341 1178 1379 attentionem
1199 1341 1389 1384 praebituros
1403 1340 1503 1376 dicit;
1521 1350 1554 1372 se

352 1397 458 1424 autem
500 1392 561 1424 illis
601 1392 805 1426 brevitatem.
845 1394 994 1436 Denique
1032 1395 1191 1427 variarum
1233 1394 1338 1426 avium
1375 1393 1563 1426 suavitatem

353 1450 496 1487 exoptat.
1610 1457 1666 1489 19¹

310 1499 418 1531 CArrr
448 1500 551 1531 XIII.
588 1500 769 1532 Exorsurus
797 1511 816 1533 a
849 1501 1030 1534 volucribus
1056 1502 1211 1545 aquaticis
1223 1527 1230 1539 ,
1258 1502 1396 1545 primum
1429 1502 1468 1533 de
1496 1501 1567 1533 hal-

353 1564 454 1597 cyone
470 1554 593 1586 disserit
607 1578 614 1589 .
637 1560 669 1587 et
698 1561 816 1597 quanta
835 1555 875 1587 sit
900 1555 1006 1587 divina
1023 1556 1203 1598 benignitas
1219 1556 1252 1587 in
1277 1566 1346 1588 eam
1362 1565 1453 1588 avem
1470 1565 1567 1596 expo-

356 1619 434 1640 nens
451 1631 460 1647 ,
490 1619 547 1639 nos
573 1608 613 1640 ad
645 1609 875 1652 expectandam
901 1620 917 1641 a
950 1610 1019 1642 Deo
1046 1621 1140 1652 opem
1178 1610 1340 1645 hortatur.
1380 1610 1431 1649 De
1456 1608 1567 1654 ayibus

355 1662 512 1694 imbrium
525 1667 579 1694 aut
594 1668 762 1696 ventorum
775 1663 921 1705 praesagis
934 1675 942 1700 ;
960 1663 1063 1707 deque
1079 1662 1140 1695 fida
1156 1674 1304 1700 anserum
1319 1662 1473 1709 custodia.
1613 1660 1674 1707 193

314 1715 424 1747 Ctpcr
441 1715 537 1748 XIV.
554 1716 638 1747 Aves
651 1727 720 1748 cum
735 1717 873 1758 piscibus
888 1717 1054 1762 multiplici
1073 1717 1262 1763 cognatione
1278 1715 1429 1763 conjungi
1443 1727 1452 1755 ;
1466 1714 1570 1761 pullas
1643 1711 1646 1714 ’

355 1775 462 1802 tamen
479 1770 596 1812 pedum
611 1770 716 1803 officio
734 1782 854 1805 carere.
875 1772 924 1804 De
937 1771 1032 1810 variis
1044 1771 1206 1807 variarum
1222 1771 1327 1808 avium
1344 1769 1517 1818 generibus
1530 1779 1568 1811 ac

358 1824 559 1857 differentiis.
1611 1822 1673 1866 196

315 1874 422 1910 Carnr
441 1878 519 1910 XV.
547 1879 597 1910 De
613 1879 754 1921 gruibus.
777 1885 873 1923 atque
898 1891 1008 1912 earum
1032 1880 1195 1923 vigilantia
1213 1879 1246 1921 in
1264 1878 1427 1921 custodiis,
1445 1887 1573 1914 necnon

362 1933 403 1965 de
419 1933 532 1964 ordine
558 1932 597 1964 ab
619 1933 731 1965 iisdem
756 1933 844 1966 inter
870 1934 1042 1966 volandum
1057 1939 1194 1970 servato.
1213 1934 1255 1966 Et
1271 1933 1330 1969 hac
1346 1932 1512 1970 ‚01:96510119
1531 1931 1574 1967 de

363 1988 474 2030 prisca}
496 1988 686 2031 reipublicae
703 1993 799 2027 statu,
814 1988 1027 2031 humanaeque
1043 1988 1175 2021 incuriae
1189 1988 1299 2024 causis.
1620 1995 1681 2030 139

317 2042 428 2073 Gne-r
446 2041 540 2073 XVI.
568 2041 737 2081 Quomodo
752 2042 883 2074 ciconiae
904 2041 1158 2085 proficiscantur,
1174 2047 1268 2088 atque
1284 2052 1302 2075 a
1319 2040 1499 2078 cornicibus
1515 2039 1572 2077 de-

361 2096 517 2128 ducantur
529 2106 565 2127 ac
579 2095 806 2127 defendantur.
817 2096 981 2128 Laudatur
992 2096 1177 2129 earumdem
1190 2095 1353 2132 cornicum
1365 2094 1575 2138 hospitalitas,

361 2155 394 2182 et
420 2150 556 2181 humana
579 2149 826 2192 reprehenditur
851 2150 1057 2197 negligentia.
1075 2150 1224 2188 Tandem
1246 2149 1444 2195 ciconiarum
1463 2147 1578 2193 pietati

362 2204 394 2235 in
410 2209 558 2246 parentes
573 2208 682 2235 nostra
700 2203 848 2247 impietas
863 2203 1051 2248 opponitur
1616 2211 1678 2246 391

319 2257 433 2289 CAPUT
449 2257 564 2288 XVII.
595 2257 643 2288 De
668 2256 848 2289 hirundinis
870 2257 1058 2296 sedulitate,
1078 2256 1231 2291 industria
1248 2261 1281 2289 et
1296 2256 1416 2299 pietate
1430 2255 1463 2288 in
1480 2254 1572 2291 filios.

362 2312 412 2342 De
428 2316 617 2353 paupertate
635 2310 732 2354 ipsius
748 2321 809 2354 qua
826 2310 986 2346 hominis
978 2322 1012 2342 tn
1025 2316 1163 2352 egestate
1178 2311 1273 2353 positi
1290 2310 1503 2357 impatientia,
1522 2309 1579 2349 im-

363 2365 506 2408 prObitas
521 2370 552 2397 et
565 2365 744 2408 desperatio
760 2370 948 2407 arguuntur.
1625 2363 1685 2399 ²95

321 2419 430 2451 Gncr
447 2417 583 2450 XVIII.
603 2418 777 2450 Amorem
770 2430 802 2450 in
820 2418 902 2450 filios
915 2429 931 2450 a
943 2418 1121 2451 cornicibus
1135 2418 1280 2451 homines
1294 2416 1434 2457 edoceri,
1451 2427 1574 2453 eorum-

365 2482 427 2515 que
453 2471 594 2509 damnari
617 2472 826 2520 impietatem.
853 2472 1031 2516 Accipitres
1054 2478 1087 2505 et
1110 2473 1231 2516 aquilas
1246 2471 1459 2521 inclementiae
1469 2470 1576 2519 nemia-

365 2536 459 2569 quam
486 2525 698 2563 accusandos·
729 2526 784 2560 sed
811 2526 961 2569 fulicam,
995 2537 1068 2576 quae
1103 2520 1287 2564 abdicatum
1312 2525 1429 2570 aquilae
1447 2514 1579 2573 pallium

365 2580 479 2618 nutrit,
496 2580 788 2612 commendandam.
1615 2577 1679 2625 305
