1742 3233
322 264 408 306 650
927 281 1065 312 mmzx.

708 456 789 500 DE
822 455 969 503 CAIN
1004 457 1080 502 ET
1114 457 1284 503 ABEL.

846 641 990 686 LIBRI
1023 641 1153 685 DUO.

903 816 1040 850 LIBER
1068 818 1097 849 Ι.

326 989 435 1021 Cnu'r
452 989 480 1021 Ι.
498 988 576 1021 Post
590 987 725 1022 brevem
748 997 765 1020 a
789 987 873 1021 libro
887 988 1044 1032 superiori
1062 988 1102 1021 ad
1118 989 1241 1022 huncce
1257 988 1496 1030 transitionem,
1513 988 1578 1032 agi-

368 1048 422 1075 tur
445 1042 484 1074 de
502 1047 574 1075 ortu
598 1043 680 1074 Ca'1'n
705 1048 736 1075 et
757 1042 838 1074 Abel
853 1055 862 1080 ;
888 1053 924 1075 ae
942 1053 999 1086 per
1014 1043 1074 1075 hos
1089 1042 1169 1075 sicut
1182 1048 1213 1076 et
1234 1054 1291 1085 per
1307 1043 1393 1075 Esau
1408 1048 1439 1076 et
1452 1041 1556 1076 Jacob
1570 1064 1581 1082 ‚

367 1096 444 1128 duas
458 1096 624 1127 hominum
639 1101 738 1128 sectas
751 1095 809 1127 sibi
829 1096 967 1128 invicem
982 1096 1144 1139 oppositas
1157 1097 1342 1140 praesignari
1357 1096 1546 1129 ostenditur.

327 1151 437 1182 Cart-r
460 1149 507 1181 11.
538 1149 577 1180 In
604 1149 690 1181 Cai’n
715 1149 902 1182 Judaeorum
915 1149 1047 1192 figuram
1063 1160 1140 1185 esse.
1159 1149 1418 1182 Christianorum
1432 1149 1465 1181 in
1483 1148 1577 1182 Abel.

368 1202 475 1244 Hujus
491 1203 655 1234 occasione
670 1203 816 1245 quaedam
837 1208 1024 1240 attexuntur
1045 1204 1085 1235 de
1099 1203 1261 1246 patribus,
1281 1205 1335 1236 sed
1354 1202 1529 1246 praesertim
1544 1202 1584 1235 de

369 1256 530 1298 sepultura
558 1256 648 1288 Isaac
674 1266 731 1299 per
757 1267 850 1296 quem
869 1256 989 1288 Christi
1011 1256 1207 1291 incarnatio,
1225 1262 1257 1289 et
1273 1256 1397 1299 Moysis
1414 1266 1474 1297 per
1488 1265 1584 1298 quem

372 1309 512 1350 ejusdem
549 1309 733 1343 doctoratus
771 1309 974 1352 exprimitur.
1013 1311 1160 1352 Denique
1189 1309 1375 1342 eorumdem
1404 1309 1525 1353 Moysis
1555 1314 1587 1342 et

372 1362 493 1394 Christi
509 1369 735 1404 comparantur
750 1363 835 1396 inter
852 1373 884 1395 se
908 1363 1088 1405 sepulturae.

331 1415 441 1448 CAruT
469 1416 540 1448 ΙΙΙ.
568 1417 631 1448 Per
657 1417 740 1449 Abel
763 1422 795 1449 et
818 1417 898 1449 Cai'n
925 1416 1090 1458 sapientiae
1110 1417 1256 1455 humanae
1273 1425 1459 1458 processus,
1478 1414 1582 1457 quiin

375 1468 506 1504 Christo
519 1469 587 1501 solo
602 1470 752 1503 inventus
771 1481 835 1502 non
854 1476 913 1507 est,
929 1470 1084 1512 designari
1099 1484 1106 1506 ;
1125 1480 1182 1513 per
1195 1470 1353 1509 ordinem,
1372 1480 1436 1512 quo
1447 1474 1585 1511 uterque

375 1522 510 1554 fratrum
524 1524 746 1564 nominantur,
770 1535 894 1557 necnon
910 1535 968 1568 per
983 1525 1168 1558 corumdem
1192 1524 1295 1557 officia
1309 1523 1478 1568 significari
1495 1518 1582 1556 Abe-

373 1576 435 1608 lem
452 1576 509 1608 etsi
522 1577 682 1618 juniorem
697 1577 796 1610 fratre
813 1584 919 1611 tamen
937 1589 1004 1611 esse
1021 1579 1287 1622 praestantiorem.

329 1629 437 1661 Carum
453 1630 515 1661 IV.
543 1630 701 1662 Malitiam
726 1635 873 1673 tempore
893 1631 1035 1674 priorem
1056 1642 1135 1671 esse,
1153 1633 1308 1664 virtutem
1323 1632 1494 1673 dignitate.
1510 1632 1583 1669 Hoc

375 1683 478 1725 ipsum
502 1693 562 1725 per
588 1683 672 1716 Esau
701 1689 734 1717 et
759 1684 861 1717 Jacob
887 1685 1066 1727 designari,
1083 1685 1163 1718 sicut
1189 1690 1221 1717 et
1238 1695 1295 1727 per
1317 1684 1393 1717 duas
1410 1684 1585 1728 Scripturae

377 1737 549 1776 muliere53
580 1748 714 1780 quarum
756 1739 856 1771 altera
887 1739 1032 1780 virtutis,
1071 1740 1171 1772 altera
1195 1739 1366 1782 voluptatis
1392 1743 1496 1783 imago
1526 1745 1584 1772 est.

374 1788 525 1831 Denique
538 1791 630 1832 hujus
643 1791 763 1823 ultimae
782 1798 865 1824 artes
881 1792 1117 1827 describuntur.

331 1845 439 1876 Carur
462 1845 505 1876 V.
535 1845 713 1878 Sollicitato
729 1856 746 1877 a
765 1847 931 1889 voluptate
955 1847 1058 1880 virtus
1084 1847 1209 1879 saniora
1231 1847 1369 1880 consulit
1390 1858 1398 1879 ε
1423 1846 1584 1890 quomodo

375 1897 539 1930 diabolicis
562 1899 793 1931 tentationibus
821 1900 1030 1932 resistendum
1043 1925 1052 1938 ,
1083 1906 1114 1933 et
1142 1911 1159 1932 a
1186 1911 1248 1943 quo
1275 1900 1370 1933 etiam
1394 1899 1582 1943 temporalia

377 1952 566 1993 expetenda.
581 1964 739 1995 quamque
753 1953 805 1984 illa
823 1954 976 1996 improbis
995 1955 1087 1986 noxia
1105 1954 1178 1989 sint,
1193 1954 1303 1991 docet3
1320 1954 1434 1986 invitat
1453 1953 1491 1985 ad
1506 1964 1587 1985 con-

383 2004 504 2035 vivium
521 2005 697 2046 sapientiae,
716 2011 747 2037 et
765 2006 842 2048 quid
856 2007 922 2048 ejus
938 2007 1074 2039 ebrietas
1091 2018 1108 2039 a
1125 2007 1297 2040 vinolentia
1315 2007 1494 2048 discrepet,
1510 2017 1589 2050 ape-

377 2059 440 2097 rit;
459 2069 494 2089 ae
507 2059 637 2090 tandem
654 2060 794 2093 avaritias
808 2062 888 2093 mala
906 2062 1062 2094 declarat.
1344 2102 1348 2106 .

333 2115 440 2146 CAPUT
464 2113 523 2144 Vt.
548 2113 711 2146 Virtutem
741 2115 847 2147 studio
873 2121 905 2148 et
931 2116 1042 2149 labore
1069 2117 1261 2159 comparari.
1289 2117 1362 2149 Hoc
1386 2115 1510 2152 Jacobi,
1527 2115 1584 2159 qui

375 2168 548 2211 primatum
565 2167 594 2198 in
612 2168 744 2200 fratrem
761 2169 893 2211 adeptus
909 2176 968 2208 est,
988 2171 1142 2213 probatur
1162 2171 1308 2212 exemplo
1324 2182 1333 2207 ;
1351 2176 1381 2202 et
1395 2169 1526 2214 mystica
1543 2168 1583 2201 de

376 2214 552 2259 Abraham,
570 2223 691 2266 Moyse,
709 2233 744 2254 ac
761 2223 872 2255 iisdem
889 2224 1014 2256 duobus
1030 2224 1182 2257 fratribus
1200 2229 1414 2266 exponuntur.

333 2276 442 2307 CAPUT
457 2275 538 2306 VII.
554 2275 701 2308 Indicato
717 2277 835 2319 duplici
851 2277 976 2310 delectu
992 2278 1135 2310 sacrificii
1152 2279 1248 2317 Cai'n,
1271 2278 1411 2323 ostendit
1430 2278 1493 2311 tria
1506 2277 1584 2310 vitia

379 2330 412 2360 in
437 2329 554 2361 nostris
575 2329 792 2362 oblationibus
818 2331 973 2374 obrepere
1001 2343 1110 2375 posse3
1130 2343 1254 2364 necnon
1278 2331 1384 2363 divina
1405 2331 1586 2364 testimonia

381 2381 496 2424 quibus
513 2382 622 2413 eadem
639 2382 714 2414 vitia
737 2385 1001 2424 praescribuntur,
1018 2385 1157 2417 adducit,

333 2434 441 2466 CArur
472 2434 573 2466 VllI.
601 2434 758 2478 Exemplo
786 2436 930 2470 sacrificii
963 2438 1123 2470 Abraham
1160 2439 1341 2481 qualitates,
1370 2438 1485 2481 quibus
1514 2438 1583 2469 Deo

379 2493 468 2530 grata
485 2487 520 2520 fii,
533 2488 668 2528 oblatio,
687 2489 920 2532 exprimuntur,
933 2502 1047 2533 nempe
1063 2493 1219 2531 celeritas,
1235 2492 1433 2524 continuatio
1449 2497 1481 2523 et
1494 2490 1579 2522 fides.

378 2541 570 2573 Celeritates
600 2543 686 2574 Deus
712 2542 743 2574 in
763 2550 899 2587 utroque
916 2538 1126 2577 Testamento
1152 2546 1315 2588 praecipit;
1345 2556 1439 2588 quam
1468 2550 1499 2577 et
1521 2545 1585 2586 ipse

377 2594 519 2633 exhibet,
537 2605 608 2627 cum
626 2606 688 2627 non
707 2601 831 2630 tantum
847 2599 915 2631 cito
927 2599 1159 2639 largiatur‚sed
1175 2601 1270 2632 etiam
1288 2610 1343 2631 nos
1363 2599 1547 2641 praeveniat.

1625 1094 1688 1137 339

1627 1359 1689 1400 342

1627 1577 1692 1620 346

1627 1793 1691 1839 548

1630 2597 1692 2635 564
