1742 3233
456 325 508 352 nn
545 323 751 351 ABRAIIAM.
791 324 870 351 Lm.
909 324 935 350 1.
1298 308 1380 367 537

22 403 102 446 lius
133 411 194 444 est
215 401 327 443 enim
354 409 401 442 ut
425 401 572 442 ancilla
596 416 720 457 quam
748 415 853 441 uxor·
880 400 1071 446 recedat,
1102 407 1143 440 et
1170 396 1278 439 filius
1304 414 1381 440 an-

22 474 127 515 cillae
160 487 283 528 quam
321 470 529 527 legitimus
555 470 759 526 ejiciatur.
795 469 923 520 Quod
958 468 991 510 si
1023 467 1305 516 dubitaveris,
1346 467 1382 509 si

24 542 323 599 contempseris
346 541 484 581 uxoris
503 548 582 582 tuae
605 539 879 586 sententiam,
907 546 948 579 et
971 538 1124 578 durum
1147 538 1222 578 tibi
1241 537 1380 578 visum

21 612 167 659 suerit,
196 610 296 651 dicit
327 610 401 651 tihi
436 609 547 650 Deus
578 610 690 666 quod
718 609 821 650 dixit
853 616 894 649 et
932 606 1137 654 Abrahae3
1173 608 1287 661 quod
1322 604 1381 646 illi

22 681 133 722 enim
161 680 284 727 dixit,
310 679 384 720 tibi
409 678 535 726 dicit,
561 687 602 720 et
627 678 822 719 omnibus
848 676 949 718 dicit
971 691 979 718 τ
1008 675 1132 718 «Non
1159 675 1210 715 sit
1229 676 1382 715 durum

23 768 38 789 n
53 758 151 791 ante
173 757 210 790 [e
233 750 286 790 (le
309 764 441 806 puero
458 782 468 797 ,
488 757 528 790 et
548 750 599 790 de
618 748 779 789 ancilla.
805 746 956 789 Omnia
974 760 1250 802 quaecumque
1268 744 1385 786 dixe-

23 838 38 859 »
53 819 106 860 rit
127 819 201 860 tibi
219 819 318 860 Sara
333 851 343 866 ‚
368 819 463 860 audi
487 833 633 860 vocem
655 817 770 874 ejus3
791 817 990 874 quoniam
1009 816 1049 857 in
1071 817 1186 857 Isaac
1210 814 1380 856 vocabi-

23 896 122 928 »tur
157 888 233 928 tibi
272 887 457 930 semen'.
493 907 508 926 »
542 887 757 944 Nusquam
796 887 892 928 alibi
926 886 1029 927 dixit
1057 901 1065 926 :
1093 885 1204 927 Audi
1232 898 1384 926 vocem

25 957 165 998 uxoris
182 965 286 1005 tuae,
309 957 387 997 nisi
405 957 472 998 hic
487 990 497 1005 ,
525 958 566 998 id
587 965 676 1005 est,
706 957 840 998 fecisti
863 956 1060 1012 injuriam
1081 955 1201 997 uxori
1220 963 1298 996 tuae
1314 986 1324 1002 ,
1345 961 1389 995 et

26 1042 111 1070 non
133 1027 332 1083 mitigasti
355 1026 551 1068 affectum
573 1027 664 1083 ejus
679 1060 688 1075 ,
714 1027 934 1084 suscepisti
956 1043 1006 1068 ex
1039 1027 1187 1068 ancilla
1220 1024 1356 1065 filium
1372 1055 1384 1073 ,

9 1105 71 1138 >et
89 1112 170 1138 non
191 1096 405 1138 honorasti
426 1097 562 1138 uxoris
585 1097 729 1139 filium.
755 1097 968 1152 Numquid
994 1104 1132 1153 potest
1157 1095 1197 1135 in
1229 1094 1389 1135 ancillae

31 1166 116 1208 filio
144 1182 285 1208 semen
314 1175 435 1208 tuum
467 1167 639 1208 vocari?
668 1167 760 1209 Non
789 1167 955 1223 utiqu03
985 1167 1027 1208 in
1058 1166 1246 1223 legitimo
1277 1164 1392 1206 enim

29 1237 114 1279 filio
142 1252 239 1279 vera
268 1237 479 1278 successio
507 1245 582 1278 est.
613 1237 698 1279 Sed
720 1237 900 1285 vereris,
928 1237 1024 1293 quia
1053 1235 1162 1277 silius
1190 1244 1284 1276 tuus
1307 1241 1394 1282 est,

29 1323 82 1351 ne
107 1307 214 1349 forte
238 1306 402 1363 ejectus
420 1307 597 1348 intereat
615 1315 739 1363 atque
763 1306 943 1348 occidat.
965 1302 1067 1348 vNon
1089 1305 1127 1347 ei
1151 1304 1284 1346 deerit
1301 1317 1396 1345 mea

30 1377 174 1436 gratia.
215 1377 376 1419 Omnes
402 1378 476 1419 alit
511 1377 625 1419 Deus
662 1386 824 1427 noster,
863 1376 1048 1419 suffulcit
1084 1375 1322 1423 universos,
1359 1381 1405 1416 et

29 1449 163 1506 justos
190 1457 232 1490 et
254 1449 442 1505 injustos.
471 1450 662 1506 Denique
686 1458 728 1491 et
750 1449 858 1507 pluit
881 1464 1005 1506 super
1029 1447 1161 1504 justos
1186 1453 1228 1487 et
1255 1444 1391 1500 injus-

30 1528 107 1561 tos.
130 1519 248 1560 Sicut
269 1519 368 1561 fecit
391 1519 628 1568 Abraham,
654 1520 779 1561 facito
801 1527 842 1561 εἰ
864 1527 923 1561 tu.
952 1517 1070 1574 Ejico
1093 1515 1313 1563 ancillam,
1340 1520 1389 1556 ut

30 1603 179 1630 secura
200 1603 305 1630 uxor·
329 1597 371 1630 ct
391 1589 593 1631 inoffensa
610 1598 778 1631 maneat
799 1589 928 1630 domi.
951 1587 1069 1644 Ejice
1091 1594 1132 1628 et
1154 1584 1315 1626 ancillae
1335 1582 1390 1625 fi-

31 1658 136 1701 lium
151 1689 162 1706 ,
186 1665 234 1699 ut
255 1673 340 1699 non
363 1658 517 1701 habeat
538 1659 792 1702 haereditatis
811 1657 1071 1701 consortium
1087 1688 1097 1704 ,
1123 1654 1297 1712 quinon
1322 1653 1393 1695 ha-

33 1729 104 1770 bet
126 1728 296 1785 originis
313 1729 595 1787 privilegium.

79 1832 90 1848 ³
112 1825 196 1857 Gen.
213 1835 283 1864 xxi,
306 1835 354 1858 ιι.
