1742 3233
649 289 784 321 mnnx.
1309 279 1393 323 655

48 371 158 402 Cum·
173 364 317 401 XXIII.
337 362 432 408 Quod
447 367 491 400 ait
509 368 664 400 Dominus
682 379 689 399 :
706 369 823 401 Samen
837 373 865 400 et
881 367 1002 409 messis,
1025 359 1134 412 frigus
1151 374 1181 402 et
1194 374 1292 402 oeeeus

91 427 153 455 nori
164 416 368 464 requiescent,
385 416 423 453 ad
447 422 588 454 litteram
602 426 634 454 et
651 420 812 454 moraliter
830 421 1018 464 explicatur.

47 476 160 508 Cum·
175 475 306 508 XXIV.
329 477 378 507 De
396 476 603 517 praerogativa
618 475 781 518 potestatis
797 475 980 507 hominibus
994 477 1025 507 in
1042 482 1155 509 caetera
1170 477 1293 509 anima-

89 529 132 561 lia
156 539 215 571 per
237 527 517 566 benedictionem,
547 539 608 571 qua
634 526 703 560 Noe
728 537 799 560 cum
820 528 882 560 suis
908 529 1042 561 donatus
1061 535 1125 568 est,
1145 529 1296 563 divinitus

90 580 252 613 attributa.
280 579 323 612 Et
347 576 507 622 quomodo
536 581 733 623 intelligatur
755 581 912 613 Dominus
928 581 1043 614 eisdem
1067 581 1249 615 hominibus
1263 582 1294 614 in

89 643 194 665 escam
207 633 328 666 dedisse
345 635 451 665 omnia
468 634 608 676 reptilia,
625 644 697 666 cum
712 645 823 665 eorum
840 635 987 677 quandam
1003 641 1118 668 venata
1130 637 1207 669 sint.

48 688 156 720 Cnur
172 687 283 720 XXV.
311 687 360 720 An
383 688 522 721 oleribus
545 689 642 731 magis
659 699 753 731 quam
769 689 917 721 carnibus
933 689 1122 722 vescendum
1139 689 1298 722 Dominus
1318 692 1321 694 ’

91 741 294 784 praeceperit,
306 747 338 774 et
352 740 618 784 quemadmodum
630 752 688 774 nos
703 743 854 775 munierit
869 743 996 787 Moyses
1009 747 1119 776 contra
1131 743 1296 785 opiniones

92 796 354 838 philosophorum
368 796 407 828 de
421 798 539 837 anima,
553 808 688 840 quorum
701 798 788 828 varia
805 797 920 839 placita
931 794 1133 834 reseruntur3
1147 798 1222 841 item
1235 809 1297 842 qua

93 849 218 882 ratione
238 851 279 882 sit
293 849 552 892 distinguendum
570 853 654 883 inter
670 851 785 883 animae
799 855 925 894 partem
948 851 1135 884 rationalem
1149 857 1182 884 et
1200 852 1297 884 sensi-

93 902 203 940 tivam,
217 902 333 944 quidve
346 903 450 935 anima
465 905 590 946 sanguis
605 904 755 936 dicatur?

53 955 167 1006 Cuma:
182 956 314 989 XXVI.
331 957 477 998 Pejorem
496 957 606 990 bestiis
631 968 696 990 esse
722 958 776 1000 qui
793 958 923 991 fratrem
938 982 947 997 ,
966 958 998 990 id
1014 964 1071 995 est,
1085 959 1225 1000 ejusdem
1241 971 1295 992 na-

95 1016 177 1043 turae
187 1017 366 1043 consortem
381 1012 534 1044 occiderit
552 1023 561 1050 ;
588 1012 689 1052 majus
712 1017 818 1055 tamen
836 1012 1012 1055 periculum
1026 1023 1041 1044 a
1059 1012 1208 1045 fratribus
1228 1014 1302 1056 ipsis

96 1065 252 1106 germanis
270 1064 480 1097 mutuendum
494 1088 504 1103 ,
527 1065 634 1107 eisque
660 1064 836 1097 fraternum
863 1075 978 1096 nomen
996 1076 1060 1096 non
1077 1066 1245 1107 abrogari,
1262 1073 1297 1099 ut

97 1127 208 1149 eorum
232 1118 330 1159 magis
355 1124 504 1159 gravetur
526 1118 683 1160 impietas.
714 1118 809 1149 Unde
836 1118 956 1150 morale
989 1118 1123 1160 dogma,
1152 1119 1265 1162 cuique
1284 1131 1301 1152 a

95 1171 232 1214 propriis
250 1172 496 1212 cogitationibus
523 1181 559 1203 ac
581 1171 686 1202 verbis
702 1171 889 1202 cavendum.
909 1171 1021 1211 Qualis
1041 1172 1072 1202 in
1099 1171 1156 1204 susi
1177 1173 1302 1214 sangui·

96 1223 146 1255 nis
171 1228 333 1255 auctorem
345 1222 571 1260 comminatio,
603 1224 657 1265 qui
685 1224 804 1256 dictum
831 1225 870 1256 de
897 1225 1049 1263 homine,
1077 1226 1117 1257 ad
1138 1226 1305 1268 imaginem

99 1277 159 1309 Dei
174 1277 250 1310 fecit
266 1288 338 1309 eum
352 1289 360 1313 ;
377 1278 494 1319 quidve
510 1277 617 1310 addita
634 1278 785 1310 vindictae
806 1288 898 1310 causa
920 1288 977 1310 nos
992 1279 1114 1311 doceat.

56 1331 164 1364 CArur
194 1331 346 1363 XXVII,
373 1331 578 1363 Promittitur
601 1331 756 1363 diluvium
782 1342 947 1374 nunquam
982 1332 1134 1373 ejusmodi
1162 1331 1304 1365 futurum

100 1397 167 1419 esse
181 1409 191 1425 ,
222 1392 255 1419 ut
282 1392 402 1419 terram
425 1397 553 1418 omnem
569 1389 764 1428 corrumpat,
780 1385 875 1428 idque
892 1387 931 1417 ad
955 1386 1050 1418 animi
1068 1387 1225 1429 passiones
1241 1393 1305 1420 tra·

102 1440 238 1473 ducitur.
256 1441 295 1471 ln
313 1451 387 1472 arcu
401 1463 410 1479 ‚
437 1441 489 1483 qui
520 1440 637 1472 dicitur
653 1440 820 1482 ponendus
842 1440 874 1471 in
890 1439 1028 1472 nubibus
1044 1451 1106 1471 non
1124 1441 1308 1482 intelligen-

102 1494 174 1526 dam
191 1494 310 1526 Iridem
327 1495 516 1529 ostenditur.
544 1495 597 1526 sed
621 1494 736 1526 divinae
757 1494 884 1527 virtutis
907 1494 1120 1526 intentionem
1136 1504 1172 1526 ac
1191 1495 1304 1526 remis-

101 1550 237 1581 sionem.

60 1603 171 1635 CArur
194 1603 368 1635 XXVIII.
395 1603 598 1635 Enumeratis
622 1602 723 1635 tribus
745 1596 814 1635 Noe
838 1601 922 1638 filiis,
953 1603 1189 1644 generationem
1205 1603 1306 1636 Cham

103 1658 174 1690 ideo
189 1658 277 1700 prius
297 1668 363 1690 esse
389 1663 598 1690 memoratam
613 1679 622 1696 ‚
651 1662 686 1689 ut
709 1656 776 1698 ejus
797 1662 962 1699 peccatum
980 1656 1209 1699 amplificetur,
1227 1664 1309 1690 etex

104 1711 216 1743 eodem
234 1711 380 1754 profectu
398 1712 494 1754 impia
518 1711 682 1754 generatio
708 1711 944 1743 demonstretur
959 1723 967 1742 ε
985 1711 1070 1753 quod
1092 1711 1256 1744 moraliter
1271 1712 1310 1744 de

105 1765 187 1796 mala
204 1765 349 1806 passione
364 1765 520 1807 improbae
536 1764 687 1807 passionis
702 1765 855 1805 genitrice
871 1764 1125 1806 intelligendum.

64 1810 176 1850 Ὀηοτ
194 1819 333 1851 XXIX.
358 1819 528 1858 Quomodo
545 1819 614 1851 Noe
637 1818 737 1851 sactus
752 1821 792 1851 sit
809 1819 944 1860 agricola
964 1841 973 1858 ,
992 1819 1116 1861 quodve
1133 1819 1217 1852 inter
1231 1820 1316 1862 agri-

114 1872 215 1904 colam
242 1878 273 1905 et
300 1879 501 1916 operatorem
524 1878 618 1906 terrae
646 1872 834 1911 discrimen,
862 1879 892 1906 et
911 1874 1071 1916 quomodo
1085 1884 1213 1906 carnem
1227 1885 1314 1907 suam

115 1927 194 1958 alter
205 1927 332 1964 excolit,
346 1928 427 1960 alter
441 1929 614 1970 operatur?
629 1928 739 1967 Quare
752 1927 836 1959 idem
849 1927 917 1960 Noe¹
933 1928 1059 1960 vineam
1072 1929 1210 1972 primum
1226 1929 1316 1971 plan-

116 1982 232 2014 taverit
244 2005 254 2022 ‚
271 1982 305 2014 id
320 1988 385 2022 est,
403 1994 470 2015 rem
487 1994 551 2014 non
569 1984 778 2015 necessariam
792 2004 802 2021 ,
826 1993 898 2014 cum
914 1982 1016 2014 sontes
1039 1982 1078 2014 ad
1101 1988 1211 2025 potum
1226 1983 1317 2015 suffi-

117 2036 202 2070 ciant
228 2048 236 2069 :
262 2048 318 2070 cur
342 2037 437 2070 etiam
465 2037 505 2070 de
531 2037 586 2069 illo
610 2038 764 2080 scriptum
792 2048 800 2068 :
833 2037 877 2069 Et
903 2036 984 2068 bibit
1002 2037 1039 2069 de
1063 2037 1135 2069 vino
1162 2049 1170 2068 .-
1199 2038 1256 2070 ubi
1280 2038 1319 2071 de

118 2092 243 2135 gemina
259 2092 415 2126 ebrietate
430 2115 440 2132 ‚
457 2103 492 2125 ac
514 2097 676 2136 postremo
701 2091 881 2136 dexgemina
897 2091 1010 2124 animae
1024 2091 1201 2125 nudatione
1217 2092 1318 2125 disse-

119 2147 214 2180 titur.

78 2202 188 2235 (hrum
204 2203 317 2235 XXX.
336 2203 444 2243 Quare
460 2201 565 2234 Cham
581 2205 647 2234 tum
673 2201 774 2233 dictus
799 2201 839 2234 sit
865 2206 954 2244 pater
976 2201 1148 2241 Chanann,
1171 2212 1243 2234 cum
1269 2202 1322 2235 hic

123 2258 270 2290 nondum
294 2262 376 2290 esset
400 2257 547 2300 genitus3
572 2262 604 2289 et
631 2266 691 2299 qua
717 2256 841 2288 ratione
863 2255 894 2287 in
914 2266 1049 2299 persona
1070 2257 1173 2291 Cham
1197 2262 1322 2299 patrem

125 2312 298 2345 deridentis
313 2311 558 2354 intelligendum
582 2311 744 2354 improbos
760 2321 882 2350 omnes,
900 2310 924 2343 si
942 2310 1043 2343 bonos
1054 2311 1140 2343 viros
1151 2311 1183 2343 in
1199 2312 1325 2355 culpam

124 2366 272 2399 incidisse
287 2366 462 2408 contingat,
479 2366 634 2398 exultare.

84 2421 197 2453 camur
212 2422 349 2453 XXXI.
365 2421 440 2454 Sem
456 2426 487 2453 et
508 2422 527 2453 J
530 2421 649 2464 apheth
665 2423 765 2464 pietas
789 2421 1040 2459 commendatur,
1054 2420 1176 2464 etquid
1190 2421 1231 2454 sit
1245 2422 1331 2465 quod

131 2467 304 2509 retrorsum
326 2476 475 2509 dicuntur
502 2475 689 2515 ambulasse,
718 2476 900 2519 exponitur.
919 2477 1004 2509 Tum
1029 2476 1189 2519 quomodo
1207 2477 1329 2510 sobrius

131 2531 233 2564 Iactus
250 2532 291 2564 sit
306 2530 387 2563 Noe.
416 2531 564 2574 Denique
585 2542 641 2564 cur
672 2531 849 2574 Scriptura,
871 2541 944 2564 cum
966 2531 1053 2574 prius
1072 2531 1176 2566 cham
1189 2531 1327 2564 medium

138 2586 303 2628 posuisset,
319 2596 392 2618 eum
407 2596 492 2618 nunc
505 2585 663 2627 juniorem
678 2585 900 2629 appellaverit.

97 2641 210 2675 Cnur
224 2641 382 2677 XXXII.
397 2640 464 2675 Cur
479 2640 511 2673 in
532 2640 756 2675 benedictione
773 2641 849 2674 Sem
864 2640 983 2675 dictum
1005 2641 1122 2677 fuerit:
1146 2643 1335 2678 Benedictus

1335 426 1397 466 1572

1339 637 1402 679 47⁵

1346 1281 1404 1319 481

1349 1550 1413 1588 484

1357 1761 1419 1803 486

1367 2148 1432 2194 487

1370 2368 1431 2410 491

1373 2588 1438 2631 493
