1747 3260
446 275 734 305 HEXAEMERON.
773 275 854 303 Lm.
892 276 956 303 111.
1321 276 1378 320 97

21 356 181 413 eligunt
202 353 360 396 mundo
386 353 539 402 latere,
569 361 611 394 et
630 352 722 394 vitre
751 351 876 408 hujus
902 350 1111 392 declinare
1135 350 1283 392 dubios
1311 367 1382 394 an-

17 424 206 468 fractus?
224 423 337 466 Mare
363 431 423 465 est
445 439 543 480 ergo
567 431 776 464 secretum
802 421 1085 478 temperantiae
1100 454 1108 469 ‚
1130 422 1378 465 exercitium

27 494 314 543 continentiae,
341 493 550 551 gravitatis
572 508 758 534 secessus
774 525 784 540 ,
810 500 954 549 portus
983 492 1239 541 securitatis,
1265 501 1382 534 tran-

25 564 206 621 quillitas
223 563 378 612 saeculi,
402 562 686 618 mundihujus
708 561 927 609 sobrietas,
955 569 1046 603 tum
1064 561 1259 604 fidelibus
1282 563 1379 605 viris

30 643 151 691 atque
170 634 328 676 devotis
346 634 602 676 incentivum
627 632 883 681 devotionis,
909 640 953 673 ut
977 647 1073 673 cum
1097 634 1303 674 undarum
1327 635 1381 675 le-

23 704 134 748 niter
150 704 394 746 alluentium
417 719 518 746 sono
537 710 699 745 certent
717 710 863 744 cantus
880 702 1164 759 psallentium,
1182 705 1382 760 plaudant

27 774 170 816 insulae
193 774 415 831 tranquillo
431 774 639 816 ssuetuum
659 781 901 814 sanctorum
919 772 1065 821 choro,
1086 773 1252 830 hymnis
1265 789 1384 816 sanc·

23 853 166 887 torum
193 853 431 902 personent.
466 845 584 886 Unde
607 843 710 885 mihi
736 852 782 885 ut
803 858 972 884 omnem
993 844 1126 901 pelagi
1150 844 1386 901 pulchritw-

27 915 168 958 dinem
181 915 537 972 comprehendam
549 930 675 971 quam
692 914 794 955 vidit
812 914 1034 970 operator?
1050 915 1102 956 Et
1119 915 1219 970 quid
1235 915 1383 972 plura?

26 984 142 1037 Quid
159 985 272 1026 aliud
292 986 359 1027 ille
377 993 606 1027 concentus
624 986 832 1026 unda-rum
844 1017 854 1033 ,
868 984 945 1025 nisi
967 984 1137 1040 quidam
1151 994 1383 1027 concentus

25 1063 87 1097 est
107 1054 270 1112 plebis?
295 1056 412 1096 [nde
433 1056 540 1096 hene
553 1055 657 1095 mari
674 1057 923 1112 plerumque
947 1063 1218 1112 comparatur
1238 1055 1383 1096 Eccle-

25 1125 102 1175 sia,
129 1141 219 1182 quae
242 1125 377 1183 primo
396 1125 665 1183 ingredientis
689 1126 835 1183 populi
861 1125 1024 1182 agmine
1047 1125 1143 1167 totis
1167 1125 1382 1167 vestibulis

0 1197 156 1240 amdas
191 1196 349 1238 vomit:
381 1196 532 1238 deinde
569 1196 611 1237 in
646 1196 833 1238 oratione
863 1196 990 1238 totius
1024 1196 1156 1254 plebis
1186 1205 1384 1253 tanquam

0 1252 147 1323 {undis
172 1266 445 1310 refluentibus
468 1268 636 1317 stridet,
668 1283 766 1310 cum
789 1268 1061 1326 responsoriis
1086 1268 1348 1310 Psalmorum
1369 1301 1380 1317 ,

0 1327 5 1412 l
26 1347 172 1382 cantus
188 1339 390 1388 virorum,
409 1339 651 1387 mulierum,
674 1339 900 1396 virginum,
919 1340 1210 1396 parvulorum,
1238 1354 1384 1380 conso-

2 1417 6 1476 ΙΙ
25 1422 104 1450 nus
120 1410 330 1451 undarum
350 1408 488 1467 fragor
504 1411 688 1452 resultat.
715 1408 822 1452 Nam
840 1409 943 1451 illud
964 1409 1065 1466 quid
1089 1409 1248 1457 dicam,
1269 1411 1384 1466 quod

2 1479 136 1526 cunda
168 1487 391 1536 peccatum
419 1479 580 1528 abluit,
612 1488 654 1521 et
686 1479 817 1521 saneti
850 1478 1029 1537 Spiritus
1063 1494 1162 1520 aura
1191 1479 1382 1522 salutaris

4 1542 179 1606 {aspirat
198 1548 216 1590 9

6 1604 9 1636 ³
80 1618 238 1662 XXIV.
275 1619 356 1662 Det
390 1618 511 1661 nobis
543 1620 748 1662 Dominus
783 1621 850 1663 illa
893 1637 1038 1664 succes
1060 1639 1182 1665 suum
1205 1624 1383 1667 flumina

23 1700 223 1746 prospero
254 1688 364 1746 ligno
396 1704 592 1737 currere,
626 1699 716 1732 tuto
749 1700 876 1749 portu
903 1693 1154 1743 consistere,
1188 1697 1383 1752 nequitiae

25 1758 216 1816 spiritalis
239 1760 426 1816 graviora
451 1776 577 1817 quam
599 1761 707 1803 serre
730 1777 950 1819 possumus
968 1796 978 1811 ,
1008 1771 1266 1807 tentamenta
1293 1781 1383 1809 nes-

0 1847 3 1855 ι

9 1829 123 1892 gelre,
150 1829 247 1872 fidei
268 1830 459 1887 ignorare
480 1831 691 1889 naufragia
705 1864 716 1880 ,
742 1831 902 1886 habere·
920 1849 1069 1891 pacem
1091 1836 1345 1892 profundam
1367 1853 1376 1878 ε

12 1894 66 1957 'tet
88 1900 120 1942 si
143 1902 309 1957 quando
339 1901 495 1958 aliquid
522 1902 573 1943 sit
592 1934 603 1950 ‚
633 1902 748 1959 quod
768 1918 912 1960 graves
937 1905 1058 1946 nobis
1090 1907 1230 1948 saeculi
1252 1907 1380 1964 hujus

0 1959 175 2031 §excitet
199 1970 377 2020 fluctus,
404 1971 668 2028 evigilantem
690 1988 768 2030 pro
791 1973 911 2015 nobis
937 1973 1093 2017 habere
1121 1977 1381 2034 gubernate-

2 2001 112 2112 ἐνθῶ
138 2040 367 2082 Dominum
392 2040 539 2083 Jesum
560 2075 571 2091 ‚
597 2042 667 2098 qui
699 2043 826 2085 verbo
849 2043 1027 2102 imperet
1048 2079 1058 2094 ,
1088 2055 1379 2104 tempestatem

3 2118 13 2170 ¹.
70 2109 208 2168 itiget,
243 2111 586 2168 tranquillitatem
610 2113 734 2154 maris
762 2113 984 2164 refundat,
1010 2117 1077 2158 cui
1099 2126 1163 2159 est
1186 2118 1322 2161 honor
1339 2129 1381 2162 ct

5 2174 15 2239 53
50 2180 167 2231 loria,
191 2182 303 2231 laus,
326 2182 582 2240 perpetuitas
605 2198 625 2225 a
646 2184 823 2233 saeculis,
853 2193 894 2227 et
917 2200 1030 2228 nune
1055 2195 1096 2229 et
1117 2203 1306 2246 semper,
1334 2189 1379 2232 in

8 2254 18 2298 ξ·
51 2251 162 2294 mnia
179 2254 328 2295 saecula
350 2255 614 2296 saeculorum.
635 2253 786 2297 Amen.
834 2258 838 2259 ⁷

22 2295 27 2363 ε

25 2385 30 2476 ἐ

28 2488 31 2516 Ξ

29 2531 32 2555 ἱ
46 2539 48 2541 .

0 2638 4 2661 ’
33 2668 35 2702 ἐ
170 2672 247 2703 mv.
1206 2683 1235 2714 η
