1747 3260
0 2618 3 2803 Ι

0 2805 5 2912 ⁸

464 307 753 341 HEXAHIERON.
792 309 869 337 LIB.
909 309 952 336 11.
1333 309 1386 350 71

35 394 186 452 quihus
209 389 420 449 sffiperiora
450 397 546 431 sunt
564 390 715 447 pina,
745 386 789 427 in
818 385 969 442 quibus
1000 399 1106 440 aqua
1135 383 1296 425 haerere
1319 397 1390 425 so-

36 467 129 508 leat.
165 464 269 514 Quae
305 469 446 502 tamen
480 459 573 501 ideo
612 457 814 504 dicimus,
845 463 892 496 ut
923 455 1140 495 ἱιὼθιῑειῐιῐ
1172 452 1391 510 opiniones

37 549 131 576 suas
162 530 427 590 opinionibus
453 526 813 570 veiisimilioribus
844 524 1000 566 rexinci
1031 539 1181 581 posse,
1217 531 1258 564 et
1287 523 1393 564 desi-

38 611 137 645 nant
157 609 322 643 tantum
340 614 443 656 opus
458 599 557 646 Dei,
580 598 775 639 humanae
791 594 1046 653 operationis
1064 601 1104 635 et
1123 589 1274 635 nost1ae
1293 609 1392 651 pos-

38 672 244 717 sibiiitatis
262 670 616 728 contemplatione
639 667 793 709 metiri.

98 744 152 787 X.
185 743 267 786 Nos
305 750 444 784 autem
483 741 798 798 Scripturarunl
844 737 994 779 seriem
1033 745 1157 793 atque
1199 735 1395 777 ordinem

43 814 269 872 sequimur,
289 821 330 855 et
351 828 455 871 opus
475 810 827 868 contemplatione
850 808 1102 850 aestimamus
1127 806 1308 848 auctoris
1326 839 1334 853 ‚
1354 814 1397 848 et

41 886 143 942 quid
159 885 318 927 dictum
345 884 396 925 sit
412 883 634 940 quaerimus
651 914 660 929 ‚
689 888 731 922 et
747 880 840 936 quis
858 878 1032 926 dixerit,
1057 886 1098 919 et
1122 877 1190 918 cui
1212 876 1362 918 dixerit
1383 891 1394 917 z

52 975 70 995 «
90 957 208 1004 Fiat,
243 955 401 1011 inquit,
430 953 744 995 firmamentum
767 950 808 991 in
831 949 971 991 medio
996 963 1112 1004 aquae,
1134 980 1143 995 ,
1173 956 1214 988 et
1244 946 1295 988 sit
1318 946 1400 988 dis-

42 1040 248 1068 »cernens
283 1025 391 1066 inter
433 1038 571 1080 aquas.
595 1041 609 1059 »
658 1020 794 1062 Audio
833 1017 1149 1060 firmamentum
1191 1016 1281 1058 fieri
1323 1032 1400 1074 per

43 1103 300 1154 praecoptum
324 1109 406 1151 quo
432 1093 687 1135 divideretur
711 1106 814 1147 aqna
829 1123 838 1138 ‚
858 1097 898 1131 et
923 1090 972 1131 ab
993 1089 1188 1130 inferiore
1206 1087 1400 1145 superior

44 1165 366 1208 discerneretur.
400 1163 513 1215 Quid
538 1163 620 1204 hoc
649 1158 937 1202 manifestius?
968 1159 1051 1211 Qui
1073 1159 1193 1215 jussit
1219 1156 1401 1200 discerni

47 1249 195 1291 aquam
216 1234 437 1291 interjecto
461 1242 502 1275 et
523 1232 662 1274 medio
688 1230 954 1272 firmamento
969 1263 979 1278 ,
998 1229 1178 1287 providit
1197 1228 1405 1285 quemad-

43 1305 219 1346 modum
251 1304 379 1346 div-isa
411 1312 534 1360 atque
564 1303 742 1344 discreta
767 1316 937 1343 manere
967 1300 1110 1357 possit.
1150 1298 1296 1340 Sermo
1324 1297 1405 1340 Dei

46 1374 177 1415 virtus
207 1382 366 1416 naturae
389 1382 474 1422 est,
497 1382 539 1415 et
562 1372 848 1415 diuturnitatis
872 1371 1102 1412 substantia
1130 1371 1406 1426 quoadusque

47 1443 147 1485 velit
175 1459 267 1485 eam
297 1458 467 1485 manere
492 1443 562 1500 qui
586 1441 751 1490 statuit,
786 1441 891 1482 sicut
915 1440 1120 1497 scriptun]
1144 1447 1205 1480 est
1233 1455 1241 1480 :
1278 1456 1293 1476 c<
1310 1437 1406 1479 Sta-

48 1513 158 1555 ntuit
186 1512 308 1554 eain
344 1509 543 1554 saeculuri]
577 1510 740 1559 saeculi,
779 1518 1038 1567 praeceptum
1071 1509 1211 1566 posuit
1244 1516 1285 1549 et
1323 1523 1408 1549 non

52 1583 322 1641 »premet-ibit.
350 1600 366 1621 »
397 1583 450 1624 Et
470 1590 519 1623 ut
549 1581 653 1623 scias
672 1614 682 1629 ,
718 1580 814 1637 quia
845 1581 895 1622 de
926 1581 1011 1621 istis
1034 1580 1149 1636 aquis
1171 1580 1253 1621 hoe
1277 1578 1406 1628 dixit,

52 1668 153 1710 quas
175 1661 222 1694 tu
243 1667 368 1710 negas
385 1667 504 1710 posse
529 1652 571 1693 in
596 1651 881 1708 superioribus
910 1652 1003 1692 coeli
1024 1666 1137 1700 esse,
1163 1650 1259 1691 audi
1282 1665 1414 1706 supe-

52 1723 161 1765 riora
186 1739 194 1765 ε
221 1741 236 1762 «
252 1723 436 1765 Laudate
463 1738 561 1764 eum
579 1722 673 1764 coeii
690 1723 894 1763 emiorum
910 1754 920 1770 ,
944 1729 986 1763 et
1009 1736 1147 1778 aquae,
1173 1736 1263 1777 quae
1283 1734 1411 1778 super

54 1795 211 1836 »coelos
240 1801 359 1842 sunt,
382 1794 555 1835 laudent
583 1807 738 1834 nomen
757 1791 940 1833 Domini.
971 1810 986 1829 »
1015 1791 1163 1833 Nonne
1192 1790 1310 1847 quasi
1335 1789 1414 1832 ad-

53 1863 234 1906 versanti
267 1863 340 1905 tibi
376 1863 505 1905 dixit:
540 1862 784 1914 «Quoniam
820 1862 906 1918 ipse
940 1861 1042 1903 dixit
1074 1870 1114 1903 et
1144 1860 1253 1902 saeta
1286 1868 1409 1909 sunt,

55 1933 173 1991 »ipse
193 1933 406 1976 mandavit
432 1941 473 1974 et
491 1941 630 1974 creata
657 1940 753 1973 sunt
779 1946 787 1973 :
816 1931 959 1973 statuit
981 1947 1028 1973 ea
1047 1931 1089 1972 in
1112 1932 1313 1972 saeculum
1335 1944 1416 1971 sae-

59 2004 196 2052 »mlh
226 2011 489 2061 praeceptum
516 2002 684 2060 posuit,
717 2010 758 2044 et
786 2017 871 2043 non
896 1999 1188 2059 p1=aete12ibit19
1211 2018 1226 2038 υ
1259 1999 1415 2042 Annon

57 2074 223 2116 vidntur
249 2074 324 2116 tibi
356 2081 504 2115 auctor
531 2073 731 2121 idoneus,
762 2073 833 2129 qui
863 2074 999 2129 legem
1026 2086 1099 2113 suo
1126 2070 1241 2128 operi
1266 2067 1416 2111 daret?

55 2142 168 2187 Deus
185 2151 252 2186 est
274 2144 344 2201 qni
363 2143 487 2192 dicit,
510 2142 759 2185 venerabilis
782 2149 949 2190 natura,
974 2139 1274 2183 inaestimabilis
1295 2154 1419 2197 mag-

59 2215 271 2264 nitudine,
303 2214 533 2256 immensus
565 2214 607 2257 in
638 2211 1069 2260 remunerationibus,
1097 2207 1427 2267 ‘incomprehem

60 2284 189 2327 sibilis
219 2283 260 2326 in
285 2284 508 2342 operibus,
545 2283 665 2340 quu's
697 2282 962 2324 altitudinem
996 2281 1207 2339 sapientiae
1239 2280 1329 2336 quis
1352 2278 1421 2321 in-

60 2354 263 2413 vestigare
282 2353 443 2397 facilis?
463 2355 544 2396 Isto
560 2352 660 2395 dicit
680 2353 785 2396 Filio
802 2386 811 2401 ,
837 2354 880 2395 id
905 2360 967 2394 est
981 2385 992 2402 ,
1014 2352 1114 2395 dicit
1130 2349 1304 2393 brachio
1324 2363 1420 2398 suo,
1439 2381 1448 2387 .

69 2425 173 2468 dicit
200 2425 345 2467 virtuti
367 2440 476 2474 sum,
509 2423 608 2466 dicit
631 2436 701 2482 sap
705 2424 841 2466 ientiae
869 2435 976 2472 su'ae,
1006 2421 1106 2464 dicit
1125 2420 1293 2479 justitioe
1318 2434 1416 2462 suae.

62 2495 117 2538 Et
141 2496 240 2538 facit
260 2495 391 2539 Filius
412 2495 536 2553 quasi
558 2503 737 2553 potens,
765 2493 865 2536 facit
891 2494 1008 2551 quasi
1036 2493 1166 2536 virtus
1191 2489 1298 2539 Dei,
1321 2479 1430 2532 facit'

63 2565 181 2622 qussi
210 2566 410 2624 sapientia
436 2565 536 2616 Dei,
561 2562 666 2608 facit
687 2564 805 2624 quasi
826 2562 987 2625 justitia
1014 2558 1164 2608 divina».
1193 2560 1304 2605 Cum
1329 2557 1433 2604 haec'

110 2667 122 2684 ¹
143 2657 229 2692 Psat.
245 2669 380 2697 cxtviu,
393 2658 463 2698 4-6.
