1747 3260
304 267 358 308 88
849 279 878 305 s.
920 276 1108 305 ⁴mannosu

298 357 418 416 sragii
443 357 679 416 periculum
695 390 706 406 ,
727 356 1012 399 excitaverunt
1038 353 1314 396 dormientem
1346 349 1388 391 in
1410 348 1540 407 puppi
1561 347 1652 389 Do-

302 429 466 470 minum
481 427 643 477 Jesum,
669 436 711 469 et
728 442 899 485 surgens
923 425 1140 483 imperavit
1161 431 1283 465 vento
1307 428 1348 462 et
1369 418 1490 466 mari,
1516 418 1658 459 sedata

305 507 366 540 est
395 507 644 556 tempestas,
678 498 814 540 refusa
841 495 1115 553 tranquillitas
1144 493 1173 536 ¹.
1205 491 1289 544 Qui
1319 489 1455 548 potuit
1482 486 1659 545 imperio

302 583 421 611 marc
440 577 574 611 totum
593 570 752 617 sedare,
773 584 858 610 non
882 567 1016 626 potuit
1034 581 1159 622 aquas
1177 562 1350 621 imperio
1369 557 1569 602 movere?
1590 556 1662 599 At-

307 640 378 696 qui
410 640 450 681 in
475 640 629 681 diluvio
656 640 714 681 sic
738 639 999 697 accepimus,
1023 638 1136 694 quod
1166 632 1383 691 eruperint
1407 629 1545 687 abyssi
1567 627 1663 669 fon-

307 718 369 751 tes
405 709 416 729 ⁵
436 742 447 758 ,
484 718 526 752 ct
557 711 669 766 quod
698 709 906 751 induxerit·
942 717 1084 766 postea
1105 706 1329 764 Spiritum,
1361 710 1403 744 et
1440 697 1664 742 siccaverit
1719 707 1730 744 ’,ζ

306 794 459 836 aquam
494 779 506 800 ³
542 795 550 820 :
588 780 630 820 Si
659 782 808 821 nolunt
846 779 1034 822 obedisse
1071 787 1291 825 naturam,
1332 786 1539 828 usumque
1574 770 1664 811 elc-
1720 771 1723 833 Ξ

308 849 443 892 menti
483 849 659 907 imperio
690 850 767 891 Dei
798 865 887 893 esse
925 866 1195 899 conversun13
1222 851 1287 891 vel
1317 849 1398 890 hoc
1430 847 1668 890 concedant

311 919 521 978 potuisse,
558 919 743 961 immisso
780 929 933 970 veum,
974 936 1099 978 aquas
1145 936 1340 969 currere,
1384 922 1497 977 quod
1537 918 1671 978 quoti-
1722 921 1732 937 ”

314 990 379 1032 die
408 989 595 1032 videmus
619 990 660 1031 in
681 991 801 1040 mari,
824 999 868 1032 ut
892 991 986 1033 inde
1010 1007 1125 1048 aquae
1149 1000 1343 1041 currant,
1368 992 1482 1033 unde
1505 990 1672 1033 flaverit
1723 992 1727 1038 '-

313 1067 473 1102 ventus.
499 1059 540 1101 Si
560 1068 747 1118 tempore
768 1061 898 1117 Moysi
914 1094 924 1109 ‚
940 1061 1118 1104 excitato
1132 1061 1284 1104 Austro
1299 1061 1449 1110 valido,
1465 1061 1673 1103 siccatum
1724 1063 1725 1066 ’

312 1137 377 1171 est
416 1145 555 1178 mare,
594 1131 742 1172 eodem
780 1132 905 1172 modo
939 1131 1085 1173 siccari
1114 1147 1197 1173 non
1232 1132 1370 1189 potuit
1401 1130 1672 1189 congregatio
1726 1156 1727 1178 3

316 1215 517 1257 aquarum
533 1234 542 1249 ‚
563 1202 661 1243 etin
684 1217 800 1243 mare
821 1202 1029 1259 prossuere
1049 1219 1170 1259 aqua,
1192 1219 1282 1259 quae
1300 1210 1442 1261 postea
1460 1201 1590 1245 divisa
1612 1210 1677 1244 est
1725 1189 1728 1200 ’

618 1272 641 1293 0

315 1286 340 1312 a
359 1271 594 1328 profundo?
617 1274 700 1314 oed
722 1273 883 1314 discant
906 1281 1098 1315 naturam
1126 1289 1246 1331 posse
1269 1273 1455 1315 converti
1472 1305 1481 1321 ,
1506 1273 1676 1329 quando
1727 1274 1736 1285 '⁴

316 1350 434 1399 petra
459 1358 584 1398 aquas
620 1343 760 1391 fluxit,
787 1352 828 1385 et
859 1343 1016 1385 ferrum
1046 1359 1161 1400 aquae
1197 1344 1479 1402 supernatavit
1502 1342 1533 1392 ὦ,
1561 1342 1680 1399 quod
1727 1330 1736 1396 ἶ·

318 1412 465 1469 utique
486 1413 655 1456 Elisceus
678 1416 836 1456 orando
859 1414 996 1457 sacerc
1016 1415 1193 1462 meruit,
1223 1430 1307 1455 non
1338 1414 1599 1471 imperando.
1635 1412 1678 1454 Si
1728 1404 1731 1415 Α

258 1526 261 1527 ⁷
319 1483 447 1541 igitur
479 1484 650 1526 Elisaeus
677 1485 835 1527 serrum
865 1486 1016 1527 levavit
1049 1494 1193 1527 contra
1232 1493 1448 1533 naturam,
1483 1484 1678 1526 Christus
1730 1523 1738 1545 ³·

320 1568 448 1609 aquas
477 1569 646 1596 movere
674 1569 757 1596 non
784 1555 951 1613 potuit?
975 1554 1057 1597 Sed
1080 1556 1225 1605 movit,
1250 1556 1320 1612 qui
1342 1554 1480 1613 potuit
1502 1555 1644 1598 dicere
1667 1569 1679 1595 τ

334 1641 349 1661 a
365 1623 534 1673 Lazaro,
564 1625 657 1666 veni
678 1625 786 1666 foras
808 1626 842 1674 ⁵,
868 1634 910 1667 et
929 1634 1144 1668 mortuum
1173 1626 1408 1675 suscitavit3
1431 1626 1544 1667 Deus
1565 1625 1682 1667 enim
1731 1621 1735 1659 ἶ

324 1695 438 1750 quod
464 1695 606 1752 jubet,
629 1694 745 1736 facit.
781 1696 925 1752 Itaque
956 1696 1044 1753 pari
1077 1698 1269 1754 exemplo
1310 1696 1469 1738 dictum
1497 1695 1642 1753 accipe
1668 1711 1681 1736 z

336 1781 353 1802 ι(
381 1764 669 1822 Congregetur
695 1780 825 1822 aqua,
858 1774 899 1807 et
923 1775 1171 1824 congregata
1194 1774 1267 1808 est.
1299 1766 1517 1808 »Dicendo
1542 1772 1684 1806 autem

332 1850 350 1872 α
370 1833 672 1892 Congregetur,
689 1854 703 1873 »
718 1850 802 1876 non
826 1837 960 1876 solum
984 1837 1112 1878 movit
1134 1852 1227 1878 cam
1252 1838 1302 1879 de
1320 1838 1437 1879 loco:
1459 1836 1532 1878 sed
1552 1834 1682 1877 etiam
1735 1856 1744 1887 1.

324 1904 471 1946 statuit
493 1905 535 1946 in
556 1906 650 1946 loco
665 1937 676 1954 ,
697 1914 843 1947 utnon
864 1906 1182 1963 praeterssuerct‚
1204 1908 1277 1948 scd
1299 1914 1502 1949 maneret.

386 1974 441 2019 X.
479 1975 568 2017 Hoc
591 1976 730 2032 itaque
756 1976 926 2033 maj0ris
949 1977 1141 2019 miraculi
1175 1987 1235 2020 est
1255 2012 1265 2027 ,
1295 1981 1506 2036 quomodo
1538 1992 1687 2020 omnes

326 2047 674 2103 congregationes
707 2047 749 2088 in
779 2062 905 2089 unam
930 2048 1297 2107 congregationem
1337 2049 1609 2098 defluxerint,
1645 2059 1690 2093 ct.
1736 2045 1739 2091 ’Ξ

330 2133 414 2159 una
436 2118 703 2174 congregatio
730 2133 815 2159 non
838 2119 1062 2176 adimpleta
1086 2119 1149 2162 sit.
1174 2120 1277 2163 Nam
1299 2128 1339 2162 et
1362 2120 1579 2178 Scriptura
1606 2121 1690 2164 hoc

329 2187 439 2230 inter
455 2187 660 2230 mirabilia
679 2188 909 2237 constituit,
926 2190 1104 2232 dicendo
1121 2205 1130 2231 ε
1150 2209 1163 2228 a
1181 2190 1349 2234 Omnes,
1362 2198 1569 2232 torrentes
1584 2199 1692 2233 cunt
1738 2181 1740 2186 ¹

331 2258 404 2300 »in
428 2273 559 2307 mare,
585 2267 626 2300 et
649 2273 764 2300 mare
786 2275 869 2301 non
889 2260 1180 2318 adimpleturss.
1203 2262 1468 2317 »Utrumque
1493 2261 1618 2318 igitur
1637 2276 1693 2304 ex

332 2336 543 2386 praecepto
571 2328 670 2378 Dei,
701 2337 746 2370 ut
766 2329 870 2371 ssuat
892 2345 995 2386 aqua
1011 2363 1020 2378 ,
1042 2338 1083 2372 et
1104 2346 1188 2372 non
1220 2330 1463 2389 superfluat.
1502 2331 1694 2373 Circum-

331 2396 486 2454 scripta
505 2396 630 2455 igitur
647 2398 840 2456 imposito
859 2398 942 2441 fine
964 2400 1095 2442 maria
1113 2402 1382 2451 clauduntur,
1403 2417 1455 2444 nc
1474 2401 1695 2460 superfusa
1740 2405 1744 2447 ἶ

334 2467 455 2509 terris
475 2467 682 2511 inundent
698 2470 853 2520 omnia,
878 2479 919 2512 ct
939 2471 1136 2513 destituto
1160 2487 1355 2514 arvorum
1380 2473 1513 2521 cultu,
1534 2486 1691 2514 munus
1742 2487 1744 2500 ¹

385 2583 394 2598 ¹
416 2575 537 2609 Matth.
552 2588 627 2616 vm,
651 2579 702 2619 24,
721 2584 751 2612 ct
767 2589 902 2624 seqq.—
919 2589 929 2603 ¹
954 2581 1033 2614 Gen.
1054 2593 1111 2619 vn,
1139 2593 1232 2616 ιι.-
1247 2583 1418 2619 ³1d.v111,
1440 2594 1467 2615 1.
1481 2601 1520 2607 -
1538 2583 1551 2608 ⁴
1567 2582 1587 2621 4
1606 2581 1691 2624 Reg·
1743 2612 1745 2617 ,

336 2637 382 2669 υ,
401 2627 433 2662 6.
450 2646 489 2652 -
508 2631 521 2653 ⁵
535 2630 629 2663 Joan.
647 2642 695 2672 xi,
712 2632 762 2666 23.
776 2652 816 2658 —
834 2635 848 2658 ⁶
866 2635 971 2668 Eccle.
988 2646 1012 2675 1,
1034 2647 1066 2680 7.
