1742 3233
488 249 539 277 nn
576 246 784 276 ABnAuAM.
823 247 901 275 mn.
942 246 984 276 11.
1325 235 1410 295 587

64 339 282 385 magorum
303 325 544 384 repudiavi,
564 327 667 369 doce
681 339 749 367 me
765 325 976 382 quomodo
996 325 1124 369 sciam
1142 338 1211 370 me
1222 324 1412 373 futurum

66 405 183 439 terrae
196 397 286 454 ejus
301 396 524 439 haeredem.
548 395 632 448 Qui
654 395 802 452 quaerit
822 396 1033 451 quomodo
1051 395 1173 444 sciat,
1194 410 1278 438 non
1295 396 1414 438 dubi-

66 475 146 515 tat,
166 466 455 508 manifestante
475 466 585 514 Deo,
609 479 864 523 cognoscere
891 481 934 508 se
958 480 1079 524 posse
1104 481 1113 507 ε
1138 467 1212 508 sed
1234 466 1414 508 sormam

64 537 152 577 vult
175 533 436 592 acquirendae
461 534 708 592 cognitionis
725 535 953 577 advertere.
983 535 1087 577 Nam
1108 544 1150 577 et
1171 535 1212 576 in
1232 535 1416 592 Evange-

63 606 118 648 lio
135 605 263 647 Maria
275 620 373 647 cum
391 604 572 647 audisset
588 606 638 646 ab
659 604 818 662 Angelo
841 605 937 661 quia
959 604 1083 662 Virgo
1102 604 1286 662 paritura
1309 613 1418 646 esset

64 674 224 724 filium,
250 675 465 732 respondit
484 690 493 716 ε
511 693 526 713 «
544 675 768 726 Quomodo
792 673 863 717 fiet
884 675 996 716 istud
1012 709 1023 725 ‚
1053 674 1252 731 quoniam
1279 674 1416 716 virum

67 759 180 785 onon
211 743 409 801 cognovi1
428 743 445 785 Ρ
465 763 480 783 »
503 744 555 786 Et
584 743 678 801 jure
711 744 951 802 respondit,
976 744 1058 786 hoc
1080 752 1143 786 cst
1161 759 1170 785 :
1188 742 1324 785 «Cum
1348 743 1413 792 id,

65 816 178 870 quod
200 823 358 857 naturae
380 823 460 863 est,
483 830 568 856 non
585 823 802 872 suppetat,
826 815 922 871 quia
939 830 1023 856 non
1040 816 1144 856 solet
1160 828 1306 872 parere
1323 828 1416 869 quae
1474 847 1476 849 .

66 883 153 925 viro
175 899 258 925 non
278 884 411 926 suerat
424 886 617 942 copulata
632 918 643 934 ,
663 900 803 942 qucero
823 884 1034 942 quomodo
1052 893 1203 942 praeter
1225 883 1414 926 instituta

65 961 223 994 naturae
235 953 392 1011 possim
408 955 525 1012 virgo
542 970 743 1012 generare
758 955 802 996 P»

121 1022 166 1065 L.
207 1022 346 1065 «Dixit
378 1032 518 1066 autem
544 1024 602 1066 illi
629 1025 833 1069 Dominus
862 1024 974 1066 Deus
996 1040 1005 1066 :
1033 1023 1162 1066 Sume
1182 1022 1285 1065 mihi
1306 1022 1418 1064 vitu-

65 1093 182 1134 »lum
209 1093 405 1141 trimum,
429 1102 471 1135 et
493 1108 662 1151 capram
685 1094 875 1142 trimam,
902 1103 942 1136 et
957 1094 1128 1136 arietem
1153 1094 1326 1135 trimum
1343 1125 1353 1141 ,
1378 1100 1421 1135 ct

65 1180 80 1199 »
94 1170 322 1211 turturem,
347 1171 388 1204 et
414 1162 695 1205 columbam2.
711 1163 1003 1206 »Praeterirem
1027 1163 1271 1220 hujusmodi
1294 1163 1420 1205 inter-

64 1231 342 1288 pretationem
385 1232 605 1282 sacrificii,
637 1233 714 1274 nisi
750 1233 1001 1290 quibusdam
1040 1234 1284 1290 scrupulum
1321 1232 1423 1274 hinc

65 1302 181 1343 nasci
202 1303 461 1344 adverterem
476 1335 486 1351 ‚
513 1318 563 1344 eo
590 1303 701 1359 quod
725 1303 974 1360 aruspicinae
997 1302 1191 1359 quaedam
1211 1301 1338 1344 scribi
1357 1301 1420 1343 vi-

66 1371 213 1412 deatur
251 1372 514 1420 solemnitas;
545 1373 658 1429 quod
684 1381 779 1429 post
800 1372 1133 1414 immolationem
1164 1371 1294 1414 divisa
1324 1379 1423 1413 sunt

67 1439 281 1490 animalia,
308 1449 350 1482 et
367 1439 512 1483 contra
539 1442 691 1484 faciem
713 1444 963 1484 alterutrum
984 1442 1140 1499 posita,
1167 1450 1208 1483 et
1234 1441 1424 1483 consedit

67 1509 145 1551 illis
166 1509 394 1553 Abraham.
422 1511 506 1553 Sed
532 1512 564 1553 si
587 1511 670 1554 vim
687 1512 1033 1569 interrogationis
1046 1511 1268 1569 praemissae
1295 1518 1338 1553 et
1361 1510 1421 1552 su-

66 1589 170 1623 turae
192 1581 472 1640 responsionis
488 1582 803 1625 consideremus
818 1615 830 1632 ,
850 1585 1065 1625 advertero
1086 1582 1317 1640 poterimus
1334 1583 1422 1640 spei

66 1660 218 1694 nostrae
239 1661 280 1694 et
307 1652 406 1694 fidei
428 1653 651 1696 convenire
674 1653 799 1711 hujus
828 1652 1023 1695 sacrificii
1048 1652 1327 1710 disciplinam.
1356 1651 1424 1694 Vi-

67 1723 182 1763 tulus
204 1721 317 1764 enim
331 1722 559 1764 aratorium
573 1723 725 1765 animal
751 1731 814 1765 est
828 1755 838 1771 ,
864 1722 1054 1765 deditum
1080 1730 1247 1764 terreno
1269 1721 1417 1764 labori.

68 1791 203 1849 Capra
230 1793 281 1833 ad
309 1807 513 1848 aquarum
535 1793 852 1836 similitudinem
873 1808 949 1851 per
966 1793 1185 1850 oenigmata
1205 1791 1425 1849 figuratur,

68 1877 117 1902 co
139 1862 252 1918 quod
273 1861 334 1910 αἲξ
357 1877 490 1919 graece
511 1867 625 1917 παρὲὼ
647 1869 687 1904 τὸ
707 1868 839 1905 α’ίστειν
864 1878 1019 1904 nomen
1044 1862 1274 1919 acceperit,
1300 1862 1351 1904 ab
1375 1876 1424 1903 eo

68 1933 182 1988 quod
202 1940 264 1973 est
286 1931 445 1989 impetu
466 1932 579 1974 ferri.
610 1931 677 1973 Sic
701 1932 813 1974 enim
838 1933 970 1975 currit
992 1932 1100 1974 sieut
1125 1940 1166 1974 et
1190 1946 1308 1989 aqua.
1329 1931 1426 1973 Pos-

70 2016 212 2043 sumus
234 2003 300 2043 vel
333 2003 385 2044 de
413 2001 639 2044 fluviorum
661 2016 784 2050 sono,
816 2017 966 2051 cursu,
1001 2003 1066 2044 vel
1087 2001 1212 2043 maris
1232 1999 1425 2042 violentis

69 2071 274 2113 (estimare
307 2071 521 2114 fiuctibus.
565 2071 662 2113 Ae‘ri
695 2080 836 2115 autem
865 2079 1136 2129 comparatur
1167 2071 1292 2120 aries,
1327 2070 1424 2127 quia

70 2140 265 2183 omnibus
297 2141 578 2184 animantibus
604 2141 746 2183 utilius
768 2141 852 2184 hoc
887 2142 1042 2184 animal
1069 2141 1210 2199 generi
1241 2155 1330 2183 esse
1350 2140 1426 2182 hu-

70 2227 193 2253 mano
210 2212 417 2269 reperitur
428 2229 440 2260 3
458 2211 799 2268 quandoquidem
816 2221 857 2254 et
879 2211 1000 2254 vestis
1023 2212 1143 2253 nobis
1162 2226 1286 2253 usum
1304 2209 1425 2252 exhi-

70 2282 165 2330 bet,
191 2282 300 2324 sieut
322 2286 391 2323 ae'r
417 2281 543 2339 hujus
567 2281 735 2339 spiritus
758 2282 926 2324 vitalem
949 2282 1069 2324 nobis
1099 2281 1310 2324 ministrat
1332 2279 1427 2322 sub-

72 2352 277 2394 stantiam.
314 2353 433 2394 Unde
457 2360 497 2394 et
525 2352 638 2394 hune
671 2352 861 2394 ordinem
893 2351 1049 2394 sactum
1083 2359 1210 2409 puto,
1235 2359 1283 2392 ut
1310 2349 1426 2408 prius

74 2421 231 2464 diceret
251 2437 260 2464 z
279 2421 433 2465 «Sume
455 2422 558 2464 mihi
588 2423 765 2465 vitulum
798 2431 840 2465 et
871 2437 1040 2481 capram
1056 2455 1066 2471 ,
1082 2441 1098 2461 »
1122 2430 1163 2465 et
1183 2421 1306 2464 tertio
1333 2422 1427 2463 loco

73 2491 233 2534 (liceret
253 2507 261 2534 ε
280 2491 514 2541 «Arietem3
534 2508 613 2535 »eo
636 2495 750 2551 quod
775 2493 910 2551 prima
933 2493 1000 2537 illa
1015 2526 1026 2543 ‚
1054 2492 1135 2537 hoc
1163 2499 1245 2541 est,
1271 2490 1424 2535 vitulus

119 2591 127 2607 ¹
149 2584 229 2617 lauc.
248 2595 259 2616 1
273 2608 282 2622 ,
298 2584 350 2623 54.
370 2601 410 2610 --
427 2594 440 2610 ⁸
458 2585 545 2618 Gen.
562 2596 619 2624 xv,
636 2596 669 2627 9.
