1742 3233
314 270 400 318 424
863 283 893 310 s.
933 284 1121 312 amnnosu

305 373 405 401 cum
426 358 478 400 sit
502 359 589 416 ipsa
613 358 901 401 irrationabilis
916 393 927 408 ,
957 359 1247 402 rationabilem
1266 373 1415 401 vocem
1435 360 1645 418 exprimit.

305 429 436 473 Nidus
458 437 517 470 est
535 428 849 471 hemicranium.
880 429 1009 471 Nidus
1026 438 1087 471 cst
1104 429 1348 471 membrana
1365 429 1430 471 issa
1444 461 1455 478 ‚
1476 445 1567 485 quae
1589 445 1659 473 ce-

304 499 476 540 rebrum
492 498 600 538 l‘ovci
614 531 623 545 ,
645 506 686 538 et
708 498 814 539 intra
833 499 1017 541 cohibet.
1041 499 1137 541 Nidi
1155 507 1252 549 sunt
1271 498 1433 540 viscera
1450 499 1665 555 pulmonis

308 576 348 609 ct
372 567 519 608 cordis.
548 568 726 624 Spiritus
748 569 918 624 quidem
940 569 1068 610 nostri
1082 600 1094 616 ,
1119 568 1200 609 hoc
1217 575 1302 616 est,
1318 568 1408 625 ejus
1426 583 1553 624 quem
1569 583 1667 611 car·

305 638 441 695 pimus
460 672 469 687 ‚
492 647 532 678 ct
554 653 635 693 quo
665 639 814 679 alimur
836 638 877 678 in
901 638 981 680 hac
999 639 1080 679 vita
1095 670 1106 686 ‚
1132 637 1255 679 nidus
1276 646 1337 679 est
1357 639 1501 694 pulmo
1527 653 1537 678 t
1561 653 1665 680 san-

303 708 438 765 guinis
457 716 595 748 autem
613 715 653 748 et
677 707 846 763 spiritus
864 708 990 749 nidus
1013 716 1074 750 est
1092 723 1176 749 cor.
1208 708 1301 750 Duo
1323 715 1420 749 sunt
1442 707 1556 749 enim
1577 707 1667 764 ejus

305 777 412 817 uteri
439 792 447 817 :
472 792 580 817 unus
614 792 695 832 quo
729 777 973 833 sanguinem
1000 780 1113 820 velut
1134 779 1317 834 quodam
1346 778 1440 819 sinu
1460 776 1638 834 suscipit
1655 809 1666 826 ‚

304 856 345 890 et
372 846 624 888 transfundit
652 846 694 887 in
716 861 841 900 venas
863 862 872 887 :
895 849 1000 889 alter
1017 863 1098 903 quo
1115 848 1270 904 rigatus
1290 862 1341 888 ex
1361 847 1430 888 illo
1453 847 1657 904 superiori

307 917 477 960 deducit
494 917 534 956 in
557 916 727 957 arterias
744 916 831 972 jugi
849 925 1002 958 meatu.
1026 916 1130 959 Ossa
1146 932 1314 973 quoque
1329 916 1529 958 validiora
1542 917 1661 959 nidos

308 987 477 1029 habent.
508 985 613 1027 Sunt
629 986 742 1027 enim
756 986 866 1027 intus
884 995 1027 1028 cavata
1041 1019 1051 1036 ,
1071 987 1112 1028 in
1134 987 1285 1043 quibus
1307 985 1582 1028 foraminibus
1599 994 1662 1028 est

307 1058 500 1098 medulla.
548 1056 595 1096 In
630 1055 856 1097 visceribus
890 1056 987 1113 ipsis
1014 1057 1274 1099 mollioribus
1303 1056 1391 1098 nidi
1421 1055 1660 1114 cupiditatis

312 1135 382 1168 aut
405 1125 558 1167 doloris
585 1134 692 1167 sunt.
722 1125 774 1166 Et
807 1126 883 1168 alia
910 1126 942 1167 si
968 1126 1060 1182 quis
1081 1127 1339 1176 consideret,
1365 1127 1491 1169 etiam
1522 1127 1664 1184 plures

306 1197 426 1238 nidos
448 1195 630 1236 inveniet
653 1196 696 1235 in
717 1196 796 1236 hac
819 1195 978 1237 fabrica
995 1196 1171 1238 humani
1194 1196 1396 1253 corpori-s.
1426 1196 1547 1238 Unde
1567 1203 1674 1252 puto

310 1275 351 1308 et
368 1266 484 1306 illum
506 1265 547 1305 in
568 1265 732 1306 Psalmo
750 1280 835 1306 non
857 1267 993 1307 solum
1024 1267 1227 1323 mystice,
1254 1266 1327 1308 sed
1347 1266 1474 1308 etiam
1496 1274 1675 1308 natura-

312 1336 407 1380 liter
424 1334 572 1376 dixisse
590 1351 598 1376 ε
616 1353 631 1373 «
648 1336 815 1377 Etenim
832 1351 973 1392 passer
991 1337 1148 1378 invenit
1160 1337 1239 1379 sibi
1258 1338 1451 1385 domum,
1472 1344 1515 1378 et
1533 1345 1678 1379 turtur

313 1426 328 1446 »
343 1407 513 1454 nidum,
538 1405 610 1446 ubi
631 1414 806 1462 reponat
826 1407 965 1463 pullos
989 1406 1124 1448 suos¹.
1142 1407 1244 1448 »Est
1264 1406 1376 1448 enim
1406 1406 1494 1462 jam
1518 1405 1561 1446 in
1581 1405 1670 1448 hoc

315 1491 491 1534 corpore
521 1476 643 1518 nidus
669 1476 903 1534 pudicitiae,
928 1476 970 1518 in
1001 1491 1083 1533 quo
1114 1485 1204 1518 erat
1225 1476 1346 1518 nidus
1368 1474 1666 1517 irrationabilis

313 1547 679 1604 concupiscentiae.
717 1547 801 1588 Sed
829 1546 902 1587 ubi
930 1555 1026 1588 ante
1052 1555 1198 1604 partus
1224 1547 1435 1589 deformes
1464 1545 1706 1589 nutriebat*

310 1617 462 1665 libido,
489 1617 545 1658 ibi
566 1632 679 1658 nunc
705 1617 867 1658 decorae
891 1616 1091 1658 castitatis
1115 1617 1313 1659 adolescit
1335 1616 1581 1659 haereditas.

375 1687 467 1730 XV.
508 1705 524 1726 «
541 1687 694 1728 Illinies
710 1719 720 1734 ,
740 1687 900 1742 inquit,
927 1702 1020 1728 eam
1041 1686 1285 1728 bitumine².
1304 1687 1394 1728 »Ex
1410 1686 1555 1728 multis
1574 1686 1683 1728 ossi-

319 1759 398 1800 bus
411 1791 422 1807 ‚
447 1758 667 1814 nervisque
684 1789 694 1805 ,
712 1765 755 1798 et
777 1757 938 1799 caeteris
958 1757 1046 1799 aliis
1069 1765 1232 1799 constat
1251 1758 1485 1800 humanum
1507 1772 1677 1815 corpus.

318 1829 372 1870 Et
402 1828 500 1870 soris
529 1828 656 1886 igitur
687 1835 729 1869 et
755 1827 867 1869 intus
894 1835 992 1884 apta
1016 1842 1218 1885 compage
1240 1842 1477 1870 connexum
1499 1827 1578 1870 sibi
1607 1828 1684 1870 ad-

323 1899 474 1947 haeret,
512 1908 554 1942 et
582 1898 832 1941 habitudine
861 1898 1036 1955 propria
1073 1912 1200 1954 quam
1224 1902 1312 1951 ἁφὴν
1342 1897 1476 1940 Graeci
1514 1898 1682 1946 dicunt,

325 1978 514 2017 tanetum
531 1978 577 2011 ut
591 1971 701 2011 intus
721 1971 896 2011 clausus
914 1969 1101 2027 spiritus,
1123 1969 1194 2025 qui
1209 1968 1458 2017 infunditur,
1475 1970 1540 2010 vel
1562 1968 1686 2026 spiri-

322 2040 413 2083 talis
437 2040 689 2088 substantia,
716 2055 807 2096 quae
845 2040 956 2080 intus
979 2047 1193 2096 operatur,
1221 2039 1347 2081 veluti
1376 2038 1552 2096 geminis
1581 2052 1687 2080 con-

327 2109 468 2151 stricta
491 2109 666 2151 vinculis
688 2124 773 2150 non
809 2116 1008 2166 evagetur
1039 2124 1048 2149 τ
1075 2111 1148 2150 sed
1171 2109 1224 2150 ad
1252 2108 1456 2150 unitatem
1479 2115 1618 2164 aptam
1643 2113 1687 2148 et

328 2179 640 2228 continentem,
671 2179 1062 2235 connexionemque
1098 2180 1277 2220 validam
1310 2178 1543 2220 cohibetur.
1586 2179 1686 2220 Ideo

325 2249 531 2290 bitumino
559 2250 791 2307 constringi
823 2264 919 2291 arca
945 2249 1146 2306 jubetur3
1171 2257 1235 2291 est
1265 2249 1377 2290 enim
1399 2248 1590 2290 bitumen
1614 2262 1690 2289 ve·-

327 2319 534 2360 hementis
557 2321 609 2361 ad
632 2319 1009 2377 constringendum
1041 2328 1213 2362 naturae.
1239 2320 1357 2361 [nde
1379 2333 1513 2376 graece
1536 2317 1688 2360 dieitur

327 2391 442 2441 νάφθα
457 2394 554 2442 παρὰ
573 2396 636 2430 τοῦ
654 2394 860 2439 συνάπθειυ,
881 2392 996 2447 quod
1033 2391 1240 2448 disjuncta
1274 2397 1521 2438 connectat,
1555 2403 1689 2430 nexu-

329 2471 412 2513 que
442 2458 700 2516 constringat
730 2459 1037 2510 indissolubili,
1062 2461 1118 2505 ita
1143 2470 1188 2505 ut
1215 2461 1394 2505 naturali
1424 2459 1583 2504 unitate
1610 2457 1690 2503 sihi

378 2601 387 2616 ¹
409 2592 489 2626 Psal.
504 2605 640 2634 Lxxxm,
660 2594 693 2632 4.
707 2613 746 2620 -
763 2605 773 2619 ³
788 2594 874 2628 Gen.
889 2605 936 2632 w,
955 2594 1001 2632 14.
