1742 3233
456 288 507 316 ΒΕ
539 287 748 315 ΡΑΒΑυῙεο.
788 287 905 315 mmm
938 287 1053 316 nnus.
1349 272 1434 333 327

82 380 158 409 nus
180 366 231 407 ad
252 363 380 407 ficum
402 365 588 414 venerit3
620 367 692 407 secl
715 365 807 407 ideo
828 365 879 407 sit
901 365 1110 415 offensus,
1135 366 1232 424 quia
1254 381 1341 408 non
1363 366 1432 409 in·-

83 437 240 478 vcncrit
266 436 469 485 fructum,
499 438 571 477 scd
598 436 693 477 solia
718 442 890 477 tantum.
918 437 1051 477 Docet
1078 451 1176 493 ergo
1200 451 1268 477 me
1291 436 1428 478 Adam

100 506 184 567 quid
208 506 289 547 sint
310 506 428 554 solia,
459 506 528 562 qui
560 513 829 563 posteaquam
863 506 1077 562 peccavit,
1110 507 1161 547 de
1191 505 1299 547 soliis
1326 506 1432 548 ficus

81 577 227 618 :cccrit
261 576 339 618 sibi
373 575 722 624 succinctorium,
755 576 826 632 qui
859 576 908 616 de
942 575 1147 617 fructibus
1175 576 1306 632 magis
1340 575 1432 632 ejus

81 655 246 704 gustare
277 646 482 687 debuerit.
517 646 661 687 Justus
691 645 877 687 fructum
908 645 1044 702 eligit,
1083 644 1179 686 solia
1210 653 1422 702 peccator.

82 715 185 768 Quis
202 724 264 757 est
284 715 476 757 fructus?
498 733 512 753 «
530 716 725 764 Fructus,
750 714 907 772 inquit,
934 714 1197 773 Spirituscst
1219 715 1398 756 charitas
1415 748 1425 763 ,

81 805 95 826 n
109 787 323 844 gaudium,
341 802 435 844 pax,
459 786 673 842 patientia,
693 786 942 843 benignitas,
967 785 1187 835 modestia,
1214 784 1431 828 continen-

80 874 95 895 »
110 856 186 904 tia,
213 856 379 897 dilectio
403 855 433 898 1.
457 873 472 894 »
500 856 591 898 Non
609 856 792 898 habebat
812 856 1017 906 fructum,
1039 856 1107 912 qui
1127 856 1324 914 gaudium
1347 871 1431 898 non

79 925 273 966 habebat.
303 925 395 967 Non
417 924 600 967 habebat
623 924 769 974 fidem,
797 925 868 982 qui
891 926 1183 983 praevaricatus
1204 934 1294 967 erat
1309 940 1432 967 man-

80 997 222 1037 datum
242 994 330 1036 Dei.
364 995 456 1037 Non
478 995 661 1038 habebat
685 995 986 1037 continentiam
1001 1028 1012 1044 ,
1036 995 1107 1052 qui
1133 997 1184 1037 de
1205 994 1429 1036 interdicto

79 1065 154 1107 sibi
176 1074 411 1122 gustaverat
428 1066 552 1123 ligno.
752 1059 755 1062 ’

134 1134 260 1178 LXV.
298 1136 407 1193 Ergo
440 1135 698 1192 quicumque
728 1135 1024 1193 praevaricatur
1051 1135 1297 1178 mandatum
1325 1135 1426 1183 Dei,

77 1206 277 1263 spoliatur
310 1215 432 1263 atque
460 1208 665 1254 nudatum
693 1214 733 1247 et
760 1205 806 1247 fit
836 1205 923 1262 ipse
950 1205 1027 1246 sibi
1056 1205 1188 1262 turpis
1217 1220 1227 1247 ε
1260 1207 1351 1248 vult
1386 1221 1429 1247 se
1485 1203 1487 1205 ¹

76 1276 237 1332 operire
263 1276 512 1332 quibusdam
539 1275 643 1317 ficus
665 1275 770 1317 soliis
786 1308 796 1324 ,
822 1275 994 1316 fortasse
1016 1276 1268 1332 quibusdam
1290 1276 1428 1318 inani·-

74 1345 152 1387 bus
167 1379 177 1394 ,
201 1347 266 1387 vel
290 1346 580 1387 umbratilibus
606 1345 891 1393 sermonibus,
917 1359 1020 1401 quos·
1044 1345 1285 1403 compositis
1308 1361 1405 1388 men
1427 1372 1430 1373 ν

78 1415 203 1457 daciis
222 1431 405 1464 assuens,
426 1425 466 1457 ct
482 1416 658 1479 verbum
676 1417 725 1457 de
742 1416 870 1457 verbo
889 1424 1068 1464 struens,
1089 1417 1141 1456 ad
1157 1415 1426 1472 operiendam

76 1485 375 1526 conscientiam
405 1501 487 1526 sua}
510 1485 661 1526 mentis
678 1518 688 1532 ,
717 1485 899 1541 factique
925 1486 1113 1526 velamen
1140 1493 1339 1542 peccator
1363 1485 1429 1527 in-

75 1554 199 1603 texit,
224 1563 270 1595 ut
291 1557 485 1612 pudenda
507 1571 577 1596 sua
603 1563 809 1611 contegat.
829 1554 940 1603 Jacit
960 1554 1072 1596 enim
1096 1570 1220 1611 supra
1242 1571 1284 1597 se
1302 1555 1423 1604 folia,

75 1624 145 1680 qui
173 1626 338 1682 culpam
357 1627 492 1666 velare
516 1625 752 1666 desiderans
773 1632 842 1666 aut
869 1625 1083 1666 diabolum
1107 1625 1247 1672 delicti
1270 1641 1428 1667 memo-

75 1701 138 1734 rat
169 1702 409 1741 auctorem,
434 1703 504 1735 aut
528 1694 663 1735 carnis
686 1694 907 1751 praetendit
937 1694 1177 1744 illecebras,
1206 1703 1277 1736 aut
1300 1695 1426 1736 alium

75 1763 313 1820 quempiam
341 1779 629 1820 persuasorem
664 1764 803 1820 prodit
831 1764 996 1806 erroris.
1040 1765 1093 1807 Et
1122 1766 1173 1806 de
1200 1764 1425 1822 Scripturis

75 1832 220 1873 divinis
239 1832 478 1889 frequenter
494 1834 863 1890 promitexempla,
884 1834 1034 1890 quibus
1048 1833 1180 1889 justos
1198 1835 1239 1875 in
1257 1835 1427 1891 culpam

35 1922 37 1924 ·
73 1903 267 1960 perhibet
303 1903 521 1951 incidisse,
555 1904 697 1944 dicens
732 1905 763 1944 si
795 1904 902 1944 sorte
932 1903 974 1945 in
1011 1905 1163 1961 stupris
1190 1904 1315 1945 suerit
1351 1905 1427 1945 de-

72 1972 301 2029 prehensus
319 1988 328 2013 ε
349 1973 400 2013 Et
417 1972 630 2014 Abraham
649 1983 746 2014 cum
761 1973 908 2015 ancilla
931 1973 1162 2015 concubuit
1179 1972 1210 2022 ²,
1236 1981 1277 2014 et
1293 1973 1426 2015 David

75 2041 248 2082 alienam
277 2042 506 2091 adamavit,
535 2051 576 2083 et
609 2042 686 2084 sibi
716 2040 859 2084 ascivit
888 2059 1062 2084 uxorem
1085 2042 1113 2085 ³.
1145 2043 1286 2085 Assuit
1314 2043 1425 2085 enim

17 2129 21 2132 ·
74 2111 150 2152 sibi
186 2112 377 2167 quaedam
404 2112 523 2160 solia,
562 2114 752 2170 quaedam
784 2115 973 2171 exempla
1004 2115 1055 2155 (16
1084 2114 1427 2171 propheticarum

74 2180 178 2222 serie
212 2180 527 2238 Scripturarum
549 2215 559 2231 ,
599 2182 784 2223 fructum
821 2198 966 2224 earum
1003 2198 1088 2224 non
1125 2191 1244 2241 putat
1284 2183 1424 2245 requi-

72 2251 262 2292 rendum.

129 2319 276 2362 LXVI.
316 2321 463 2364 Nonne
488 2321 563 2362 tibi
585 2322 781 2363 videntur
802 2321 928 2362 etiam
948 2320 1086 2362 Judaei
1107 2321 1204 2363 solia
1234 2337 1400 2364 assuere
1414 2355 1425 2371 ‚

73 2391 173 2431 dum
215 2391 316 2448 legis
359 2391 552 2449 spiritalis
587 2393 715 2434 verba
752 2391 1025 2449 corporaliter
1060 2391 1430 2449 interpretantur?

74 2461 267 2511 Quorum
295 2462 580 2520 interpretatio
604 2462 788 2504 fructum
815 2477 984 2503 omnem
1005 2461 1223 2503 viriditatis
1247 2462 1426 2510 amittit,

74 2532 270 2574 damnata
288 2533 511 2589 maledicto
530 2533 732 2575 ariditatis
747 2541 923 2575 :eterna
948 2533 1063 2575 Bona
1090 2532 1214 2590 igitur
1231 2533 1431 2591 interpre-

120 2632 128 2646 ¹
150 2623 258 2656 Galat.
275 2635 309 2663 v,
328 2636 380 2657 22.
397 2641 436 2649 »—
457 2635 468 2649 2
486 2625 569 2658 Gen.
589 2636 658 2664 xvi,
677 2625 709 2662 4.
724 2641 765 2649 -
782 2626 794 2647 3
814 2636 829 2657 2
846 2626 925 2667 Reg‚
945 2635 980 2656 xi
995 2646 1004 2664 ‚
1019 2625 1044 2664 ὠ
1057 2648 1065 2663 ,
1091 2615 1122 2657 et
1147 2636 1195 2667 27.
