1742 3233
477 304 528 336 DE
562 307 769 336 mmmm,
808 307 887 334 Lm.
925 303 966 333 11.
1311 290 1401 352 609

52 392 404 445 argumentorum.
430 385 554 443 Signa
576 393 618 427 et
642 392 826 427 monstra
850 384 927 426 scit
948 392 1171 441 antequam
1198 383 1322 433 fiant,
1357 394 1400 428 et

51 465 223 500 eventus
245 464 480 513 temporum
497 464 539 498 et
556 457 818 498 saeculorum.
847 454 939 496 Non
958 462 1093 511 potest
1118 454 1243 511 igitur
1266 455 1402 497 bonus

53 535 174 584 atque
203 526 412 583 perfectus
443 540 528 566 non
558 541 647 567 esse
682 525 752 582 qui
785 524 894 565 hanc
929 524 1190 579 acquisierim
1227 524 1319 580 quia
1360 534 1402 566 ct

52 610 221 638 omnem
250 594 378 636 habet
403 595 623 644 virtutem,
649 603 691 636 et
713 595 848 651 imago
879 593 1078 635 bonitatis
1108 603 1182 635 est.
1222 595 1339 636 [nde
1363 604 1404 637 et

53 664 192 708 saeculi
225 664 340 706 istius
362 664 556 722 sophista}
586 672 802 706 traxerunt
826 662 1115 705 definitionem
1138 663 1404 720 hujusmodi,

53 734 165 792 quod
179 734 341 791 sapiens
354 734 416 775 vir
434 735 569 776 bonus
593 735 759 777 dicendi
781 733 940 792 peritus
961 734 1027 775 sit.

112 803 323 847 LXXVII.
358 804 594 847 Redeamus
617 820 729 847 nunc
753 806 804 846 ad
823 806 982 846 donum
1001 804 1078 845 Dei
1101 819 1184 860 quo
1206 804 1312 846 nihil
1328 806 1412 861 ple-

54 873 160 916 nius.
196 874 311 924 Quid
332 875 443 916 enim
470 876 618 917 meh'us
651 874 880 932 sapientia?
913 874 1029 925 Quid
1059 874 1180 930 pejus
1203 874 1414 916 vanitate?

59 942 173 994 Quid
188 943 371 985 deterius
392 944 711 1002 superstitione?
737 944 920 1000 Ideoque
938 952 1137 999 tanquam
1152 943 1205 991 ci,
1227 944 1295 984 cui
1313 959 1413 1000 pro·-

58 1013 227 1055 miserat
245 1013 549 1070 plenitudinem
565 1015 854 1072 perfectionis,
877 1014 932 1055 ait
951 1029 959 1054 :
986 1030 1002 1052 α
1021 1012 1195 1069 Aug-ebo
1217 1021 1258 1054 te
1277 1014 1412 1061 valdo,

60 1092 132 1125 »et
164 1098 318 1140 ponam
348 1092 388 1125 te
420 1084 461 1125 in
490 1094 659 1141 gentes,
691 1091 733 1125 et
768 1071 887 1139 reges
919 1084 970 1123 de
1004 1090 1045 1122 te
1068 1081 1213 1122 erunt¹
1243 1097 1252 1122 :
1280 1100 1294 1119 n
1319 1082 1415 1137 quia

60 1153 170 1209 ejus,
189 1153 260 1209 qui
283 1152 417 1194 fidelis
439 1162 516 1201 est,
541 1162 653 1195 totus
674 1153 858 1194 mundus
880 1151 1118 1192 divitiarum
1134 1159 1211 1198 est,
1230 1159 1271 1192 et
1289 1167 1417 1207 augu-

64 1232 146 1271 tur,
166 1238 251 1264 non
272 1222 475 1264 minuitur
495 1231 543 1264 ut
565 1224 730 1264 stultus.
758 1221 935 1263 Ponitur
956 1220 997 1261 in
1021 1229 1165 1277 gentes
1186 1219 1416 1266 Abraham,

62 1294 145 1336 hoc
167 1302 251 1342 est,
282 1292 384 1335 fides
410 1293 500 1349 ejus
530 1294 582 1335 ad
603 1301 747 1350 gentes
778 1290 1041 1338 transfertur,
1069 1299 1109 1332 et
1138 1306 1254 1347 reges
1282 1291 1421 1331 saecuii

66 1363 138 1420 qui
164 1363 456 1412 crediderunt,
488 1372 529 1405 et
560 1379 602 1405 se
630 1362 862 1419 subjiciunt
886 1360 1068 1403 Domino
1094 1359 1195 1401 Jesu
1224 1361 1290 1401 cui
1314 1361 1420 1402 dici-

65 1442 164 1476 tur:
201 1451 216 1472 α
241 1433 335 1476 Tibi
363 1433 542 1476 offerent
570 1449 688 1490 reges
727 1431 941 1474 munera².
965 1449 980 1469 »
1013 1430 1098 1473 Nec
1139 1430 1241 1472 illud
1272 1430 1421 1471 absur-

67 1505 191 1552 dum,
215 1503 311 1560 quia
328 1519 379 1545 ex
400 1519 551 1561 genere
573 1503 753 1546 Abrahae
774 1517 859 1543 non
888 1502 1024 1543 solum
1047 1516 1163 1557 reges
1186 1509 1311 1542 erunt
1331 1501 1422 1557 dig—

68 1574 198 1616 nitate
214 1606 224 1622 ,
254 1574 528 1616 verumetiam
558 1573 616 1615 illi
639 1588 773 1630 reges,
801 1571 872 1629 qui
896 1578 1069 1628 peccato
1095 1585 1179 1611 non
1211 1569 1418 1617 serviant,

70 1659 149 1686 nec
171 1643 311 1684 vincat
328 1657 398 1684 eos
419 1643 576 1685 malitia
591 1675 603 1691 ,
628 1658 752 1699 supra
775 1657 879 1699 quos
905 1655 1083 1698 regnum
1102 1655 1215 1682 mors
1239 1655 1324 1681 non
1346 1640 1426 1680 ha-

69 1714 179 1756 beat.
204 1712 352 1755 Mentis
375 1727 541 1769 quoque
564 1713 684 1753 honae
710 1712 982 1769 cognovimus
1010 1726 1126 1768 reges
1143 1726 1232 1753 esse
1254 1718 1294 1751 et
1314 1709 1427 1766 prin-

75 1783 188 1840 cipes
214 1782 494 1831 inventiones,
523 1797 615 1838 quae
642 1782 750 1823 sicut
771 1781 986 1823 Abraham
1007 1780 1230 1822 mediocris
1257 1780 1426 1836 quidem

77 1852 354 1910 generationis
371 1860 598 1910 proventus
620 1867 704 1893 non
728 1851 857 1893 habet
872 1885 882 1900 ,
904 1852 977 1893 sed
993 1852 1179 1892 abundat
1200 1850 1421 1907 regalibus

77 1923 156 1965 Cui
180 1923 273 1965 data
289 1930 351 1964 est
368 1930 477 1963 terra
495 1922 536 1963 in
558 1921 864 1979 possessionem
879 1938 890 1970 3
916 1930 963 1962 ut
979 1921 1218 1963 dominetur
1235 1920 1399 1978 corpori
1414 1953 1425 1969 ,

72 2009 150 2036 nec
174 1993 227 2035 sit
246 1993 407 2050 captiva
429 1992 661 2034 carnalium
678 1993 964 2049 voluptatum,
989 1993 1063 2033 sed
1085 1991 1202 2047 quasi
1224 1991 1427 2032 famulatu

79 2064 221 2107 debito
252 2062 431 2105 obnoxia
457 2077 554 2104 caro
579 2062 713 2104 menti
741 2062 903 2104 serviat.
938 2061 1183 2103 Secundum
1207 2076 1429 2117 personam

79 2143 221 2177 autem
241 2132 419 2175 Abrahae
450 2133 617 2174 evidens
646 2131 894 2189 mysterium
925 2132 1121 2173 Ecclesiae
1141 2164 1150 2179 ,
1179 2146 1269 2187 quae
1293 2139 1429 2176 totum

79 2205 228 2247 orbem
262 2203 359 2245 fidei
398 2203 640 2245 haereditate
680 2202 885 2260 possedit,
930 2201 1038 2243 bene
1068 2210 1187 2258 pater
1216 2201 1430 2244 electionis

52 2309 57 2313 .
81 2276 259 2324 dicitur,
283 2282 401 2333 pater
420 2272 542 2322 fidei,
564 2281 684 2331 pater
705 2272 784 2330 piae
807 2271 1090 2315 consessionis.

129 2374 140 2390 ¹
159 2365 243 2400 Gen.
261 2376 344 2406 xvii,
360 2365 392 2398 6.
408 2383 448 2390 -
466 2376 479 2390 2
499 2364 582 2398 Psal.
597 2375 695 2405 mvn,
711 2365 765 2399 30.

231 2714 314 2746 mv.
1156 2661 1160 2664 '
1240 2696 1301 2756 39
