1742 3233
285 289 375 346 474
829 299 861 327 s.
901 271 1089 330 Amssnosu

286 395 393 423 mus.
419 378 585 420 Dividui
600 390 700 435 orgo
718 376 880 420 fructus
899 386 997 421 sunt
1015 379 1263 429 necessarii,
1286 388 1328 423 et
1350 381 1599 438 voluptuarii
1620 398 1630 425 :

290 447 514 493 necessarii
548 461 599 489 ex
623 445 851 490 seminibus
882 456 1115 498 terrarum3
1151 458 1193 492 at
1227 463 1326 491 vero
1356 464 1408 492 ex
1437 451 1636 494 arborum

289 518 497 562 fructibus
532 517 798 575 voluptuarii.
839 518 985 575 Itaque
1025 533 1177 576 corpus
1211 528 1403 561 nostrum
1436 527 1637 577 tanquam

291 603 411 637 vere,
446 587 528 629 hoc
565 595 651 636 est,
680 591 797 636 ae're,
838 588 932 630 cibo
967 588 1152 645 pascitur
1188 589 1379 631 naturali.
1406 592 1474 641 Αέρ
1500 598 1641 632 autem

293 673 429 716 graeco
453 657 646 706 nomine,
667 671 740 699 ver
764 657 893 699 latino
915 658 1082 700 dieitur.
1108 658 1209 700 Ideo
1232 657 1449 716 Scriptura
1471 661 1523 702 de
1545 674 1644 716 par-

291 729 403 771 tibus
437 727 645 775 Orientis,
677 735 719 768 et
753 727 933 769 maxime
971 728 1140 785 AEgypti
1178 744 1253 786 per
1292 744 1419 785 quam
1454 729 1645 772 transivit

292 798 519 845 Hebraeus,
544 798 609 838 vel
636 811 687 838 ex
710 796 899 853 partibus
925 796 1149 839 Phoeniciae
1179 798 1356 855 sumpsit
1385 799 1637 854 exemplum.

293 869 444 912 Anima
474 876 614 910 autem
643 867 938 924 voluptuariis,
974 867 1056 909 hoc
1081 876 1168 917 est,
1200 868 1421 925 sapientiae.
1437 868 1646 911 fructibus

296 940 418 992 alitur
438 954 447 980 :
469 938 536 980 cui
557 938 732 986 iterum,
756 945 804 978 ut
820 936 985 993 corpori
1008 945 1151 980 nostro
1169 937 1429 979 contrarium
1443 937 1580 994 *frigus
1606 945 1648 979 et

296 1016 440 1057 aestus,
464 1007 522 1049 ita
541 1007 667 1049 timor
696 1015 739 1049 et
761 1006 977 1048 iracundia
998 1006 1194 1048 videntur
1226 1008 1411 1051 adversa.
1440 1006 1527 1049 Sed.
1552 1005 1649 1062 quia

298 1078 340 1120 in
363 1093 539 1135 corpore
560 1085 644 1126 est,
669 1091 839 1118 necesse
859 1084 921 1118 est
943 1084 985 1117 et
1007 1076 1268 1118 iracundiam
1287 1076 1441 1120 habeat
1460 1083 1503 1119 et
1523 1075 1651 1119 timo-

298 1161 388 1188 rem
402 1180 412 1196 ,
431 1161 509 1189 nec
531 1153 668 1203 potest
684 1146 771 1187 sine
783 1146 861 1187 hac
877 1160 966 1186 esse
983 1160 1193 1202 corporeae
1204 1145 1456 1187 necessita-te
1471 1152 1645 1187 naturae.

299 1217 353 1258 Et
382 1216 475 1257 ideo
510 1231 628 1257 mens
660 1215 856 1273 sapientis
878 1215 1163 1256 moderamina
1194 1215 1304 1271 justa
1334 1215 1567 1272 dispensat3
1599 1230 1654 1257 ne

302 1276 406 1328 iram
438 1295 480 1327 et
503 1286 700 1326 timorem
725 1285 1000 1341 permisceat,
1024 1293 1066 1325 et
1088 1282 1161 1326 fiat
1180 1283 1370 1326 confusio
1395 1273 1588 1340 quaedam
1612 1284 1654 1325 in

304 1357 443 1399 animo
465 1356 574 1398 illius
593 1364 717 1412 atque
739 1355 956 1397 dilnvium.

307 1478 310 1486 Δ
362 1425 578 1469 LXXXV.
609 1425 713 1467 «Die
748 1439 914 1481 quoque
946 1432 988 1466 et
1009 1432 1160 1466 nocte»
1187 1423 1301 1481 quod
1324 1423 1404 1472 ait,
1439 1432 1515 1480 'per
1545 1422 1656 1466 diem

306 1497 501 1554 intelligis
523 1495 831 1538 illuminantem
851 1495 1070 1541 virtutem,
1097 1506 1173 1551 per
1192 1486 1362 1536 noctem
1389 1491 1658 1549 recognoscis

306 1568 574 1609 tenebrosam
603 1565 898 1623 insipientiam.
926 1566 1072 1621 Itaque
1102 1573 1145 1606 et
1166 1565 1209 1606 in
1226 1565 1378 1612 timore
1396 1571 1595 1619 tanquam
1616 1562 1659 1604 in

307 1635 460 1695 frigore
485 1644 622 1694 potest
651 1651 740 1693 esse
762 1635 1001 1677 illuminaus
1028 1634 1173 1680 virtus.
1209 1633 1408 1682 Similiter
1430 1641 1472 1674 et
1498 1632 1663 1693 irancuu-

312 1709 423 1750 diam
464 1703 600 1765 Potest
629 1705 856 1763 reprimere
886 1705 1184 1762 temperantiag
1220 1712 1264 1745 ut
1294 1704 1334 1747 in
1360 1703 1513 1756 timore
1535 1701 1662 1758 aliqui

312 1794 397 1820 non
427 1777 592 1835 penitus
629 1777 906 1831 resolvantur,
935 1784 976 1817 ct
1006 1775 1139 1832 magis
1172 1775 1365 1820 timorem
1404 1772 1582 1829 dirigant
1614 1771 1667 1814 ad

315 1863 439 1905 opera
461 1847 636 1888 virtutis.
660 1846 785 1888 Verbi
802 1846 932 1902 gratia
946 1877 956 1895 ,
983 1845 1015 1886 si
1038 1853 1282 1902 persecutor
1303 1843 1492 1890 insistat,
1508 1843 1666 1898 utplus

314 1918 451 1960 Deum
475 1917 620 1958 timeas
634 1948 646 1964 ‚
660 1924 705 1958 et
726 1924 928 1973 perpetua
945 1915 1074 1972 magis
1093 1914 1296 1972 supplicia
1310 1946 1321 1962 ‚
1341 1928 1468 1970 quam
1490 1926 1669 1969 praesen—

316 1988 373 2029 tia
388 1995 509 2044 putes
526 2001 614 2028 esse
630 1985 795 2027 vitanda
808 2018 818 2034 ,
839 2001 930 2042 quae
951 1987 1051 2027 dum
1069 1985 1188 2031 times
1206 2016 1216 2031 ,
1241 1982 1491 2026 accendaris.
1507 1983 1560 2023 ad
1571 1982 1669 2038 glo-

317 2058 446 2105 riam,
479 2055 666 2114 perfidiae
694 2056 821 2108 iratus
853 2063 895 2097 et
934 2055 1091 2103 sceleri.
1131 2055 1292 2099 Rursus
1325 2052 1541 2107 iracundia
1572 2065 1669 2092 suc—

318 2142 467 2169 eensus
488 2126 628 2168 divino
650 2126 978 2172 commotionem
1010 2124 1157 2166 timore
1183 2121 1428 2165 modereris.
