1742 3233
312 269 397 311 536
857 288 886 314 s.
927 288 1114 316 Anssaosn

314 362 433 404 bebis
459 363 749 420 posteritatem
786 365 958 414 laetitiae,
998 375 1035 407 et
1062 368 1324 410 exultationis
1358 371 1654 416 haereditatem.
1715 415 1717 427 ,

322 450 337 469 ι(
360 433 470 474 Dixit
494 442 534 474 et
554 434 654 474 Sara
675 449 683 474 :
707 434 851 476 Risum
880 435 980 475 mihi
1013 436 1112 477 fecit
1136 437 1336 480 Dominus
1358 454 1366 479 :
1393 440 1661 498 Quicumque

309 503 450 543 »6111111
474 503 671 552 audierit,
698 505 1057 562 congratulabitur
1074 506 1214 548 inihi'.
1244 526 1259 546 »
1298 508 1389 550 Non
1413 510 1556 566 utique
1581 511 1661 552 hoc
1718 524 1719 566 ᾗ
1739 520 1742 523 ’

311 572 652 628 degeneratione
675 573 754 615 bac
782 574 1026 632 intelligitur
1048 591 1139 632 quae
1166 577 1330 619 casibus
1353 580 1565 635 plerisque
1585 580 1663 621 ob-

310 642 431 682 noxia
458 651 538 690 est,
570 651 615 683 ut
647 643 856 684 interdum
882 661 966 686 non
989 661 1208 702 generasse
1237 648 1383 697 melius
1410 649 1533 690 suerit
1555 665 1563 690 :
1591 651 1664 692 sed
1720 638 1722 675 l

313 713 365 752 de
390 713 658 767 generatione
685 728 765 768 qua
783 716 1070 772 unusquisqne
1094 726 1289 773 peccator
1312 734 1436 775 agens
1462 721 1664 776 poeniten-
1740 732 1742 740 ¹

312 781 437 829 tiam,
477 797 574 823 cum
603 782 824 825 redimitur
858 800 878 825 a
919 794 1054 827 morte
1069 819 1080 834 ,
1120 787 1288 843 Angelis
1329 789 1434 830 solet
1467 789 1665 831 exhibere
1723 830 1725 843 ⁴

312 852 515 894 Iaetitiam.

369 923 519 965 LXIII.
570 925 654 965 «Et
677 925 778 966 dixit
796 926 895 967 Sara
921 941 929 967 :
952 927 1056 977 Quis
1075 928 1338 969 annuntiabit
1357 928 1535 969 Abrahae
1558 942 1666 983 qno-

312 1010 327 1031 »
343 992 455 1033 niam
477 995 603 1035 lactet
626 994 826 1036 infantem
850 995 1005 1037 Sara29
1027 1015 1042 1035 »
1075 997 1240 1038 Moralis
1266 999 1395 1038 locus.
1428 998 1669 1038 Provocan-
1726 987 1729 990 ,

314 1071 381 1104 tur
401 1062 580 1104 soeminae
598 1064 834 1106 meminisse
853 1065 1062 1122 dignitatis
1079 1082 1178 1114 sure,
1202 1074 1244 1108 et
1260 1068 1415 1108 lactare
1433 1065 1539 1107 filios
1556 1080 1664 1106 suos.
1730 1115 1731 1124 ἵ

312 1132 411 1174 Ilaec
436 1133 547 1173 6111111
579 1142 761 1174 matrum
789 1135 940 1190 gratia,
977 1135 1046 1176 hic
1069 1135 1226 1183 honos,
1252 1151 1334 1191 quo
1367 1135 1472 1176 filios
1493 1134 1671 1193 propriis
1729 1125 1731 1147 4

314 1204 613 1243 commendent
636 1203 742 1244 viris.
777 1204 968 1260 Denique
999 1221 1069 1246 eos
1098 1207 1192 1261 plus
1219 1221 1358 1247 amare
1381 1205 1488 1247 filios
1513 1206 1670 1252 solent,

316 1286 419 1327 quos
443 1271 539 1328 ipsae
565 1280 719 1313 matres
742 1274 988 1315 lactaverint
1011 1275 1212 1315 uberibus
1242 1275 1337 1317 suis.
1734 1324 1735 1327 Ἴ

372 1342 519 1384 LXIV.
570 1360 585 1380 «
608 1342 727 1384 Fecit
750 1352 890 1384 autem
917 1343 1133 1385 Abraham
1157 1359 1321 1385 coenam
1344 1359 1561 1402 magnam,
1591 1357 1676 1397 qua
1734 1340 1735 1370 Ῑ

318 1412 414 1453 »die
451 1412 681 1453 ablactatus
720 1421 782 1454 est
819 1413 932 1455 Isaac
970 1412 1079 1469 filius
1121 1413 1254 1469 ejus³.
1279 1432 1294 1452 »
1337 1414 1429 1456 Non
1460 1413 1679 1455 mediocre
1734 1439 1737 1475 ἶ

316 1481 428 1523 istud
442 1497 519 1523 1166
541 1483 753 1523 usitatum.
777 1482 868 1524 Non
886 1483 998 1523 enim
1020 1483 1116 1538 quia
1136 1498 1156 1523 a
1175 1482 1349 1524 nutricis
1367 1484 1475 1524 lacte
1493 1484 1679 1527 subduc·
1736 1479 1737 1517 l

318 1559 384 1593 tus
407 1560 468 1593 est
485 1568 604 1609 puer,
628 1567 827 1609 magnum
851 1553 1088 1594 convivium
1112 1552 1301 1594 exhibuit
1321 1552 1536 1594 Abraham
1559 1568 1569 1594 ε
1599 1555 1676 1596 sed
1737 1600 1740 1611 ὁ

321 1621 416 1678 quia
445 1623 620 1663 idoneus
651 1623 818 1664 habitus
853 1631 916 1664 est
948 1624 1062 1664 Isaac
1098 1623 1282 1664 fortioris
1312 1623 1453 1680 gratiae
1488 1623 1608 1672 cibo,
1638 1632 1682 1666 et
1738 1621 1740 1631 ’

322 1693 486 1734 virtutis
510 1693 706 1734 alimento
721 1726 729 1741 ‚
754 1708 837 1734 non
861 1692 999 1734 adhuc
1013 1724 1024 1741 ,
1046 1701 1091 1734 ut
1110 1692 1373 1740 Corinthius,
1399 1694 1507 1734 lactc
1527 1701 1683 1749 potan-

326 1764 404 1804 dus
426 1778 434 1804 :
463 1765 535 1804 sed
551 1763 685 1820 epulis
710 1763 975 1804 solidioribus
998 1764 1292 1804 mandatorum
1309 1762 1541 1803 coelestium
1563 1776 1683 1804 men-

326 1833 376 1875 tis
401 1849 484 1874 sure
507 1835 686 1874 lacertos
709 1831 891 1874 firmans.

381 1903 505 1945 LXV.
542 1903 867 1960 prosperitatem
904 1903 987 1944 cito
1020 1901 1210 1957 sequitur
1249 1900 1415 1942 invidia.
1458 1901 1685 1957 Pepererat

327 1973 452 2022 Sara,
477 1975 759 2015 ablactaverat
776 1973 909 2014 silium
931 1987 940 2014 :
967 1990 982 2010 «
1005 1972 1117 2014 Vidit
1133 1973 1293 2013 ancillae
1316 1971 1448 2012 filium
1468 1972 1686 2014 ludentem
1740 2002 1742 2022 s

326 2062 343 2084 1>
357 2060 454 2087 611111
468 2044 553 2086 11110
572 2061 647 2086 5110
665 2046 801 2094 Isaac,
821 2053 863 2086 et
881 2044 982 2086 dixit
1003 2045 1055 2085 ad
1068 2043 1281 2085 Abraham
1301 2057 1311 2083 τ
1331 2041 1450 2098 Ejice
1465 2042 1682 2091 ancillam,
1740 2033 1742 2079 ἶ

327 2132 344 2154 »
359 2123 402 2157 et
416 2114 546 2156 filium
566 2114 656 2170 ejus
671 2132 681 2163 ;
708 2130 792 2156 11011
808 2114 921 2156 enim
937 2114 1069 2155 haeres
1085 2113 1162 2155 erit
1180 2111 1288 2154 1111115
1305 2112 1463 2153 ancillae
1483 2126 1580 2153 cum
1595 2111 1684 2154 filio

327 2201 344 2223 »
359 2199 453 2225 mco
470 2184 625 2226 Isaacl'.
654 2203 669 2223 »
706 2185 869 2226 Durum
894 2183 975 2225 hoc
996 2183 1130 2224 visum
1152 2182 1330 2223 Abrahae
1350 2190 1439 2223 erat
1454 2214 1464 2230 ,
1484 2190 1531 2223 ut
1551 2182 1682 2238 ejice-

327 2261 393 2295 ret
416 2253 549 2294 filium
573 2269 717 2302 suum,
738 2254 836 2295 licet
853 2269 950 2294 eum
972 2267 1097 2309 quem
1115 2259 1358 2309 susceperat
1380 2267 1430 2293 ex
1447 2252 1684 2294 vernacula.

327 2325 379 2367 Et
403 2333 448 2366 tu
469 2325 554 2366 noli
587 2332 627 2366 te
653 2324 830 2366 miscere
858 2324 1041 2371 ancillae,
1070 2338 1122 2364 116
1147 2322 1346 2378 suscipias
1368 2337 1418 2363 ex
1441 2321 1508 2362 illa
1524 2320 1656 2363 filium
1672 2352 1684 2370 ,

326 2403 368 2436 et
396 2410 501 2436 uxor
523 2403 593 2436 tua
620 2410 704 2436 non
734 2395 915 2452 patiatur
937 2393 1201 2435 cobseredem
1229 2392 1347 2434 illum
1369 2390 1455 2432 filio
1480 2406 1554 2432 suo
1575 2389 1681 2432 fieri.

328 2462 454 2506 Vides
482 2457 594 2506 enim
622 2464 721 2506 hinc
748 2463 848 2505 solvi
878 2462 1052 2520 gratiam
1076 2461 1344 2502 matrimonii.
1375 2459 1498 2501 Certe
1531 2459 1563 2500 si
1586 2459 1689 2501 inci-

331 2534 450 2583 disti,
474 2542 516 2576 et
537 2534 667 2576 habes
688 2533 823 2576 filium
843 2567 854 2583 ,
878 2532 983 2590 ejice
1001 2532 1194 2573 ancillam
1208 2563 1221 2580 ,
1246 2538 1288 2572 et
1310 2529 1443 2571 filium
1466 2528 1570 2586 ejus.
1600 2528 1689 2570 Me-

377 2632 387 2648 ¹
407 2624 490 2656 Gen.
507 2635 574 2662 xxi,
589 2625 618 2657 6.
640 2643 679 2649 -—
700 2635 712 2649 ²
728 2624 815 2658 Ibid.
830 2636 861 2668 7.
875 2641 916 2648 ——
933 2625 946 2647 ³
963 2621 1048 2656 lbid.
1063 2623 1093 2655 8.
1114 2625 1180 2649 -4
1202 2621 1289 2655 Ibid.
1308 2632 1342 2663 9,
1361 2630 1414 2654 ιο.
