1747 3260
340 286 419 329 172
879 286 908 313 S·
949 286 1140 314 AMBROSII

336 362 512 418 quisque
535 360 755 410 infirmior,
781 376 830 403 eo
847 364 997 419 praedae
1019 362 1150 419 magis
1165 369 1293 418 patet.
1316 361 1368 402 Et
1385 361 1572 417 plerique
1594 361 1688 419 qui-

334 432 430 473 dem
456 431 596 472 herbis
626 439 856 487 pascuntur
887 446 933 472 ac
964 431 1136 472 minutis
1162 430 1385 472 vermibus.
1415 430 1521 471 Sunt
1549 438 1690 472 tamen
1738 435 1741 476 ἶ

337 500 408 555 qui
432 500 610 541 invicem
639 515 682 541 se
709 502 933 548 devorent,
960 508 1001 541 et
1032 515 1103 541 sua
1133 515 1259 541 carne
1290 508 1524 556 pascantur.
1556 499 1692 541 Minor
1738 534 1747 559 ᾖ

338 570 449 625 apud
472 569 562 610 illos
584 584 678 610 esca
703 569 874 625 majoris
900 578 990 610 est:
1018 584 1162 610 rursus
1180 569 1264 625 ipse
1281 568 1415 624 major
1445 583 1465 608 a
1493 567 1691 610 validiore

339 638 563 686 invaditur,
588 647 630 679 et
656 637 703 679 fit
727 653 820 679 esca
839 639 1006 680 alterius
1030 641 1238 696 praedator
1261 638 1396 679 alieni.
1425 638 1568 694 Itaque
1590 653 1692 678 usu-

336 708 451 750 venit
474 740 484 755 ‚
508 715 555 748 ut
577 722 673 748 cum
698 707 784 764 ipse
810 708 936 748 alium
961 708 1247 756 devoraverit,
1273 708 1322 748 ab
1349 706 1426 748 alio
1452 708 1690 754 devoretur,

335 785 377 818 et
402 777 442 816 in
465 791 597 816 unum
620 784 809 817 ventrem
828 784 1003 832 uterque
1025 777 1246 818 conveniat
1269 792 1365 818 cum
1384 785 1576 819 voratore
1594 789 1694 832 pro-
1738 817 1747 836 ,χ

333 844 426 902 prio
459 846 703 893 devoratus,
738 845 873 900 sitque
905 845 1029 887 simul
1056 847 1097 887 in
1127 861 1207 887 uno
1237 846 1395 887 viscere
1424 847 1572 902 praedse
1604 845 1695 886 vin-
1717 844 1741 884 ’ἑ

337 914 540 970 dictaeque
570 914 841 955 consortium.
882 915 934 956 Et
961 915 1058 972 ipsis
1085 924 1233 972 sponte
1260 916 1367 957 sorte
1394 916 1483 956 haec
1512 914 1694 956 accrevit

337 983 510 1040 injuria,
542 984 649 1024 sicut
671 983 712 1024 in
736 984 855 1025 nobis
878 999 960 1025 non
982 1000 1033 1026 ex
1054 994 1202 1026 natura
1225 985 1375 1042 coepit,
1401 986 1473 1026 sed
1495 1000 1546 1026 ex
1569 984 1696 1026 avari·

336 1053 407 1094 tia.
436 1052 520 1093 Ant
536 1052 630 1109 quia
650 1054 701 1094 ad
722 1069 844 1094 usum
861 1054 1080 1096 hominum
1102 1055 1186 1096 dati
1204 1063 1324 1103 sunt,
1348 1055 1388 1096 in
1413 1055 1576 1111 signum
1595 1067 1697 1109 quo·
1740 1079 1742 1082 >

338 1137 420 1178 que
448 1123 546 1164 sacti
579 1130 695 1171 sunt,
726 1131 772 1164 ut
803 1123 841 1163 in
869 1123 932 1165 his
956 1132 1194 1165 nostrorum
1217 1139 1382 1165 morum
1410 1124 1507 1165 vitia
1538 1123 1695 1164 videre-

336 1206 457 1240 mus,
491 1199 532 1232 et
562 1207 804 1233 caveremus
835 1195 1052 1250 exemp1a3
1084 1209 1136 1235 ne
1169 1195 1259 1250 quis
1289 1194 1426 1251 potior
1456 1192 1697 1234 inferiorem
1738 1235 1741 1240 ,

337 1262 556 1303 invaderet
594 1264 767 1302 daturus
805 1262 847 1302 in
888 1278 930 1303 se
966 1262 1191 1319 potentiori
1237 1264 1476 1320 exemplum
1516 1261 1691 1317 injuriae.
1739 1262 1747 1278 '³

336 1332 480 1387 Itaque
510 1330 580 1387 qui
611 1332 789 1372 alterum
816 1331 954 1379 laedit,
989 1331 1067 1372 sibi
1093 1333 1292 1387 laqueum
1324 1339 1469 1388 parat,
1500 1331 1540 1372 in
1571 1345 1695 1387 quem

341 1401 427 1458 ipse
456 1401 622 1443 incidat.

396 1469 507 1512 XIV.
548 1471 598 1511 Et
625 1478 670 1511 tu
699 1470 822 1527 piscis
857 1486 925 1519 es,
958 1471 1029 1527 qui
1053 1471 1208 1512 viscera
1243 1470 1402 1511 invadis
1434 1470 1591 1517 aliena,
1628 1468 1699 1525 qui

341 1540 546 1596 demergis
592 1539 807 1581 infirmum
830 1573 840 1589 ,
891 1540 961 1596 qui
1000 1541 1219 1581 cedentem
1257 1539 1517 1596 persequeris
1562 1552 1695 1594 usque

337 1609 382 1651 in
410 1609 679 1666 profundum.
718 1609 826 1651 Cave
850 1625 902 1651 ne
921 1642 932 1658 ‚
967 1611 1068 1651 dum
1097 1609 1214 1651 illum
1231 1608 1511 1667 persequeris,
1542 1606 1700 1648 incidas

344 1678 431 1735 ipse
459 1678 499 1718 in
526 1679 771 1720 validiorem
791 1712 800 1728 ‚
827 1687 868 1720 et
892 1679 1072 1721 deducat
1097 1687 1138 1720 te
1164 1680 1204 1719 in
1230 1679 1382 1720 alienas
1408 1677 1601 1726 insidias,
1629 1676 1700 1732 qui

342 1756 433 1789 tuas
449 1747 574 1795 vitat,
600 1749 799 1805 priusque
816 1757 932 1790 tuam
952 1757 1110 1806 spectet
1131 1763 1359 1790 :erumnam
1377 1781 1387 1796 ‚
1407 1748 1477 1804 qui
1502 1755 1540 1788 te
1558 1761 1703 1804 perse-—

342 1826 497 1874 quente
514 1818 729 1875 propriam
745 1819 1056 1860 reformidabat.
1086 1819 1199 1870 Quid
1218 1819 1388 1860 interest
1407 1818 1515 1858 inter
1530 1816 1702 1858 divitem

345 1887 546 1943 improbae
588 1887 826 1944 cupiditatis
869 1888 1049 1945 ingluvie
1095 1888 1392 1929 absorbentem
1435 1886 1703 1928 infirmorum
1737 1903 1740 1952 ἐ

343 1956 617 2012 patrimonia,
652 1965 694 1998 ct
726 1957 900 1999 silurum
934 1959 984 1999 de
1014 1958 1226 1999 minorum
1256 1958 1434 2014 piscium
1469 1956 1703 1999 visceribus

349 2026 488 2067 alvum
510 2026 747 2082 repletum?
769 2027 1001 2069 Defunctus
1023 2035 1085 2068 est
1102 2027 1237 2075 dives,
1262 2035 1304 2069 et
1326 2027 1431 2068 nihil
1451 2026 1487 2067 ei
1511 2041 1582 2068 sua
1606 2041 1704 2083 spo·
1736 2019 1741 2058 ’ῑ

343 2096 396 2137 lia
420 2095 695 2152 profuerunt,
724 2097 808 2138 imo
836 2097 965 2154 magis
989 2112 1087 2138 eum
1110 2096 1350 2154 rapinarum
1375 2110 1545 2137 suarum
1573 2096 1705 2140 detes—

348 2166 580 2207 tabiliorem
614 2167 715 2209 fecit
752 2167 934 2209 infamia.
979 2167 1134 2224 Captus
1164 2176 1226 2209 est
1262 2168 1439 2216 silurus,
1471 2174 1514 2208 et
1548 2165 1704 2208 inutilis

345 2237 487 2292 praeda
509 2237 673 2277 detecta
697 2245 773 2278 cst.
798 2237 954 2288 Quanti
977 2237 1018 2278 in
1040 2252 1090 2278 co
1116 2237 1400 2294 reperiuntur,
1422 2235 1493 2291 qui
1511 2235 1611 2276 alios
1630 2235 1706 2276 de-
1737 2258 1741 2267 =

345 2305 624 2347 voraverant?
646 2306 698 2347 Et
722 2315 768 2347 tu
791 2305 904 2348 dives
928 2306 1056 2348 habes
1080 2306 1120 2347 in
1140 2306 1232 2348 sinu
1256 2314 1327 2347 tuo
1353 2305 1522 2347 alterius
1549 2304 1706 2361 praedar
1737 2316 1740 2336 ²

350 2382 500 2415 torem.
527 2375 601 2416 Ille
616 2375 801 2418 habehat
821 2376 1039 2417 facultates
1060 2376 1256 2432 pauperis
1274 2391 1375 2432 quas
1393 2375 1601 2420 invaserat
1623 2388 1632 2414 z
1658 2381 1706 2415 tu

1734 2338 1740 2366 ε

1734 2372 1743 2417 i

1734 2420 1738 2438 l

346 2457 445 2485 eum
461 2443 704 2500 opprimens
727 2446 809 2486 duo
827 2445 1076 2502 patrimonia
1099 2444 1182 2486 tuis
1200 2444 1468 2486 facultatibus
1492 2441 1702 2490 addidisti,
1734 2448 1740 2490 ζ

349 2520 392 2554 et
413 2513 550 2558 adhuc
577 2521 692 2556 tanto
712 2529 796 2556 non
821 2515 980 2556 satiaris
1005 2522 1254 2571 au'ginent03
1280 2522 1322 2556 ct
1342 2513 1445 2555 dicis
1469 2512 1582 2569 quod
1603 2510 1705 2552 'alios

353 2582 625 2629 vindicaveris
645 2616 656 2634 ‚
701 2599 798 2627 cum
845 2585 991 2629 eadem
1041 2584 1279 2630 committas
1325 2599 1417 2641 quae
1459 2579 1673 2625 ulcisceris
1690 2611 1704 2629 ›

1734 2507 1739 2572 ἐ

1733 2583 1738 2611 Ἰι

1734 2612 1738 2644 ἵ
