1742 3233
398 365 450 391 DE
481 362 692 391 PARADISO.
732 361 852 391 LIBER
885 356 999 389 UNUS.
1297 363 1375 405 291

32 442 216 499 quaestio.
269 440 426 484 Verum
466 442 498 483 si
539 440 759 498 diligenter
800 439 991 481 intendas
1016 472 1029 489 ,
1071 439 1383 503 Scripturarum

32 512 284 555 auctoritate
322 512 477 554 absolvi
509 520 658 570 potest.
691 511 818 562 Quod
843 511 955 552 enim
987 511 1173 561 bonum,
1207 513 1290 556 hoe
1324 523 1387 557 est

32 582 272 625 faciendum
293 599 304 630 3
333 583 446 638 quod
482 589 621 622 autem
656 579 816 622 bouum
852 589 892 622 et
928 581 1190 632 faciendum,
1234 599 1386 627 conso-

34 668 136 694 nans
173 660 215 694 et
255 652 471 693 adhaerens
507 667 515 692 ε
553 652 666 708 quod
702 666 801 693 vero
840 658 962 709 turpe
977 685 987 701 ‚
1028 651 1108 694 hoe
1147 654 1385 705 dissonans,

34 724 360 781 incompositum
375 756 385 772 ,
422 730 550 779 'atque
587 723 816 764 discretum
848 731 923 765 est.
967 724 1020 766 Et
1050 724 1143 767 ideo
1184 727 1388 770 Dominus

34 793 238 835 unitatem
277 807 442 850 semper
484 792 704 834 intendens
724 825 735 841 ,
772 795 1006 836 secundum
1037 795 1241 838 unitatem
1281 812 1391 853 prae-

37 863 158 920 cepit.
205 862 394 920 Denique
439 862 643 904 unitatem
689 871 886 920 operatur
904 896 915 913 ,
956 864 1028 921 qui
1069 865 1169 908 fecit
1211 874 1390 923 utraque

37 949 181 975 unum.
209 933 293 976 Nec
317 934 452 974 solum
473 940 674 989 utraque,
703 934 776 974 sed
796 933 922 976 etiam
945 949 1091 979 omnes
1118 951 1252 977 unum
1273 935 1385 980 fecit.

37 1002 197 1045 Omnes
229 1003 342 1044 enim
372 1017 506 1043 unum
539 1017 690 1060 corpus
708 1011 792 1059 ‚het
815 1019 948 1046 unum
970 1005 1161 1062 spiritum
1194 1021 1286 1048 esse
1316 1022 1393 1049 nos

37 1073 171 1130 jussit.
199 1073 279 1115 Per
300 1072 440 1114 omnia
459 1080 599 1114 autem
622 1073 947 1130 primogenitus,
975 1089 1074 1116 cum
1099 1075 1151 1117 sit
1177 1075 1218 1117 in
1235 1077 1396 1120 unitate

39 1159 135 1192 cum
156 1144 278 1186 Patre
292 1175 303 1192 ,
335 1142 705 1199 conjunctissimus
725 1143 837 1185 Patri
859 1158 1025 1201 semper
1051 1153 1134 1194 est3
1171 1146 1266 1202 quia
1287 1146 1395 1189 Ver-

38 1216 141 1257 bum
174 1222 263 1255 erat
284 1214 395 1271 apud
414 1212 564 1254 Deum.
593 1212 783 1268 Denique
808 1213 864 1254 ait
884 1228 893 1255 z
912 1231 926 1251 «
947 1214 1034 1271 Ego
1059 1223 1101 1257 et
1124 1215 1246 1257 Pater
1264 1232 1397 1259 unum

40 1304 55 1325 »
70 1299 211 1326 sumus
229 1283 241 1305 ¹
260 1300 271 1332 3
298 1291 375 1325 »ut
398 1283 604 1324 unitatem
626 1282 705 1324 sibi
727 1282 957 1339 majestatis
983 1293 1024 1327 et
1047 1286 1274 1329 divinitatis
1297 1303 1396 1330 cum

39 1356 161 1398 Patre
188 1370 276 1396 esse
297 1360 564 1395 monstraret.
589 1352 672 1394 Sed
688 1360 729 1394 et
745 1368 821 1394 nos
844 1369 977 1396 unum
998 1371 1086 1397 esse
1108 1357 1311 1414 praecepit
1325 1391 1336 1408 ‚
1356 1366 1399 1400 et

43 1442 125 1468 suae
153 1434 313 1467 naturae
336 1424 591 1480 unitatisque
612 1423 929 1466 similitudinem
952 1425 994 1466 in
1015 1440 1089 1467 nos
1111 1427 1251 1483 gratiae
1275 1429 1399 1485 adop-

42 1496 159 1538 tione
185 1494 406 1538 transfudit
429 1493 571 1535 dicens
598 1508 607 1534 ε
626 1511 641 1531 «
663 1493 786 1535 Pater
808 1494 915 1536 sicut
937 1509 1014 1552 ego
1036 1504 1078 1537 et
1101 1504 1303 1544 tumnum
1328 1513 1400 1539 su-

44 1581 166 1607 »mus
181 1598 192 1614 ‚
218 1565 273 1606 ita
296 1572 337 1606 et
359 1563 424 1604 isti
450 1563 492 1604 in
521 1562 642 1604 nobis
671 1578 805 1605 unum
827 1564 909 1605 sint
929 1564 960 1606 ².
983 1566 1120 1623 »Ergo
1145 1567 1217 1608 ubi
1239 1568 1400 1611 bonum

44 1635 250 1694 praecipit,
264 1642 464 1690 tanquam
484 1634 535 1674 ad
552 1648 684 1673 unum
701 1632 890 1691 praeeipit
906 1634 1073 1684 dieens;
1091 1654 1105 1673 α
1122 1636 1243 1679 Edes.
1267 1656 1281 1677 »
1298 1639 1402 1680 [ni-

46 1715 107 1748 tas
125 1705 238 1747 enim
256 1702 518 1761 praevaricari
535 1718 618 1744 non
635 1711 786 1760 potest.
811 1703 889 1744 [bi
910 1719 1008 1745 vero
1026 1705 1075 1745 de
1092 1706 1204 1763 ligno
1219 1708 1401 1752 scientiae

46 1775 147 1817 boni
173 1783 214 1816 et
235 1774 334 1816 mali
367 1773 469 1814 dicit
496 1787 581 1813 non
612 1787 701 1813 esse
727 1774 1007 1829 gustandum,
1036 1769 1153 1830 quasi
1180 1778 1231 1817 ad
1261 1779 1402 1834 plures

49 1844 148 1886 dicit
170 1859 212 1885 :«
239 1844 332 1886 Non
356 1842 499 1884 edetis.
522 1841 679 1892 »Quod
711 1841 821 1883 enim
853 1843 1177 1900 prohibitorium
1200 1856 1284 1897 est,
1308 1856 1403 1898 tan-

50 1929 175 1972 quam
198 1913 388 1971 pluribus
410 1912 652 1969 imperatur.
680 1911 768 1968 Ego
790 1919 932 1953 tamen
956 1913 1068 1955 aliud
1090 1923 1214 1971 puto,
1239 1925 1280 1958 et
1301 1919 1404 1974 quid

47 1984 236 2026 futurum
263 1983 338 2032 sit,
368 1983 410 2023 in
442 1982 530 2039 ipso
556 1981 642 2037 jam
667 1980 744 2022 Dei
772 1996 965 2023 sermone
995 1985 1171 2041 reperio.
1199 1986 1261 2029 De
1286 1990 1402 2032 omni

0 2060 1 2067 ¹
48 2055 159 2112 ligno
177 2054 428 2112 gustandum
440 2051 540 2093 Adae
558 2051 632 2092 soli
648 2042 863 2108 praecepit,>
876 2066 1003 2108 quem
1021 2063 1283 2099 servaturum
1301 2059 1403 2101 seie-

48 2126 119 2168 bat
150 2141 158 2167 :
184 2126 234 2167 de
257 2124 369 2180 ligno
400 2130 540 2163 autem
567 2120 750 2163 scientia:
779 2121 879 2162 boni
899 2130 942 2163 et
963 2124 1062 2165 mali
1085 2139 1170 2166 non
1191 2142 1281 2169 esse
1301 2144 1402 2185 gus—

48 2197 222 2237 tandum
237 2227 248 2244 ,
265 2194 351 2252 jam
368 2208 454 2235 non
472 2191 751 2249 singulariter,
772 2192 846 2232 sed
863 2192 1079 2255 pluraliter
1095 2195 1208 2239 dicit.
1233 2197 1403 2242 Sciebat

50 2265 160 2306 enim
182 2263 547 2322 praevaricaturam
574 2260 816 2309 mulierem,
841 2269 883 2303 et
906 2262 998 2304 ideo
1021 2280 1096 2321 per
1117 2267 1401 2323 pluralitatem

0 2341 1 2346 ’
50 2336 232 2391 ostendit
243 2350 325 2376 non
339 2332 694 2389 servaturos‚quia
705 2332 890 2389 plurium
899 2333 1076 2377 discreta
1094 2337 1298 2379 sententia
1319 2349 1394 2383 est.

108 2405 284 2450 XXVII.
309 2405 359 2446 Et
377 2412 581 2461 quantum
594 2404 645 2445 ad
662 2403 932 2460 Septuaginta
949 2404 1133 2449 virorum
1151 2412 1402 2455 sententiam

52 2484 225 2534 spectat,
251 2476 435 2517 solutum
453 2482 514 2516 est
533 2475 646 2530 quod
667 2473 875 2515 movebat.
902 2473 986 2516 Sed
1003 2477 1099 2533 quia
1121 2478 1401 2536 Symmachus

51 2556 278 2602 utrumque
297 2544 558 2602 singulariter
582 2543 697 2591 dixit,
724 2542 991 2600 intelligimus
1009 2545 1049 2586 id
1066 2557 1258 2593 secutum
1272 2583 1283 2601 ‚
1305 2553 1402 2608 quia

53 2616 95 2660 in
109 2618 199 2675 lege
216 2631 380 2674 quoque
401 2631 499 2658 cum
519 2615 725 2672 populum
748 2614 972 2671 alloquitur
988 2615 1115 2670 Deus,
1136 2620 1401 2679 singulariter

13 2701 16 2715 ¹
75 2716 83 2729 ¹
102 2707 120 2739 J
137 2717 212 2740 oan.
228 2717 261 2746 x,
276 2707 330 2741 30.
346 2705 484 2750 —371d.
504 2714 586 2745 xvu,
608 2715 659 2751 ²²?

1155 2781 1220 2823 19.
