1742 3233
283 228 368 277 460
827 244 858 270 s,
899 244 1086 271 Animosu

278 317 429 358 mentis
446 317 611 375 refugit,
634 326 675 360 et
695 319 810 375 quasi
824 321 1023 369 desolata,
1040 329 1082 361 et
1103 319 1190 362 sine
1209 320 1345 377 aliqua
1363 321 1540 363 statione
1558 335 1628 363 re-

274 397 416 429 manet
441 391 598 430 nullam
622 390 779 431 habens
803 406 899 432 cum
922 392 1074 433 virtute
1096 393 1452 434 communionem.
1480 391 1625 435 Virtus

277 466 415 498 autem
438 459 545 499 redit
563 474 703 501 amans
725 460 934 516 justorum
958 462 1164 503 consortia
1180 494 1190 510 ,
1210 463 1484 519 etlargiendae
1501 463 1625 503 sami-

274 527 415 568 liarior
432 529 613 578 utilitati,
640 545 732 586 quae
758 532 945 573 conserat
962 533 1174 581 salutaria,
1200 541 1241 574 ct
1264 533 1446 574 cavenda
1468 548 1515 574 ea
1533 548 1625 589 quae

275 605 372 638 sunt
398 598 612 649 nocitura,
637 611 902 643 commoneat
927 617 935 643 :
969 603 1075 644 sicut
1108 604 1304 644 columba
1334 603 1501 645 dimissa
1527 618 1625 644 cum

268 667 428 709 videret
445 684 624 711 cessasse
649 686 813 726 aquam,
838 687 1026 728 regressa
1051 681 1113 714 est
1133 682 1334 731 tanquam
1358 674 1482 729 plena
1501 672 1626 729 justi—

271 736 363 783 tiae3
389 746 433 778 ut
455 739 492 779 ei
516 755 535 779 a
555 754 637 794 quo
655 740 778 780 missa
795 740 946 790 suerat,
965 743 1178 784 nuntiaret
1199 743 1300 799 quid
1322 743 1460 783 adhue
1479 757 1625 783 cavere

270 806 457 855 deberet,
477 816 600 863 atque
616 810 875 865 expectando
888 810 1029 852 fructu
1045 812 1219 853 meliore
1241 820 1383 868 postea
1397 811 1618 868 potiretur.

271 876 397 927 Quod
420 886 558 920 autem
582 881 775 921 columba
794 896 877 922 non
900 882 1113 923 inveniens
1131 882 1318 938 requiem
1341 896 1459 922 suam
1481 896 1626 938 regre-

270 946 382 988 ditur
404 950 457 991 ad
476 964 595 997 eum,
624 950 890 993 manifestum
912 951 1115 993 indicium
1136 952 1250 994 dedit
1276 967 1351 1008 per
1379 951 1623 1008 hujusmodi

269 1031 362 1058 aves
380 1026 583 1073 quantum
600 1019 761 1061 intersit
781 1021 891 1062 inter
908 1022 1112 1063 malitiam
1133 1031 1174 1063 et
1196 1022 1412 1070 virtutem,
1429 1022 1616 1078 exprimi.

268 1085 483 1143 Siquidem
507 1104 654 1131 corvus
686 1098 779 1131 ante
803 1091 1021 1140 dimissus,
1049 1107 1146 1133 cum
1177 1091 1390 1147 aliquanto
1409 1090 1624 1131 videretur

270 1158 448 1214 amplius
469 1161 680 1201 exundare
702 1161 903 1203 diluvium
917 1195 927 1211 ‚
951 1162 1061 1203 visus
1082 1170 1144 1204 est
1166 1164 1308 1203 locum
1333 1161 1541 1202 invenisse
1563 1176 1624 1201 re-

272 1227 447 1270 sidendi.
475 1230 527 1270 Et
549 1238 661 1271 certe
688 1246 773 1271 non
795 1240 857 1272 est
877 1232 1119 1287 hujusmodi
1147 1247 1296 1273 corvus
1321 1239 1367 1272 ut
1387 1231 1476 1272 aliae
1504 1245 1619 1279 aveS‚

267 1311 358 1352 quae
394 1297 435 1338 in
471 1299 585 1354 aquis
618 1301 976 1342 conversationem
1010 1301 1166 1342 habere
1207 1309 1475 1342 consuerunt.
1515 1300 1623 1341 Cum

268 1382 367 1424 ergo
396 1382 544 1410 corvus
576 1370 650 1411 ubi
676 1380 912 1412 remaneret
946 1371 1151 1413 invenisse
1176 1372 1391 1419 videatur,
1424 1371 1621 1412 columba

267 1444 407 1478 autem
427 1453 511 1479 non
531 1439 759 1489 invenerit,
782 1441 1081 1482 ex*idc¹13.1‘atio
1110 1450 1172 1483 est
1196 1440 1340 1483 altiore
1368 1440 1621 1497 interpreta-

267 1506 377 1547 tione
410 1508 582 1564 signari,
614 1509 708 1565 quia
735 1511 890 1552 malitia
914 1511 1107 1567 inquietis
1138 1511 1400 1569 passionibus
1427 1518 1468 1552 et
1500 1510 1620 1567 cupi-

267 1575 348 1616 dita
357 1576 479 1625 tibus,
495 1579 645 1634 quibus
658 1581 941 1638 corrumpitur
957 1582 1108 1629 anima,
1129 1597 1171 1623 se
1188 1582 1364 1622 miscere
1382 1579 1614 1627 consuevit,

267 1651 309 1687 et
338 1647 452 1702 quasi
487 1649 672 1705 cognatis
702 1658 743 1691 et
780 1651 1018 1692 domesticis
1047 1652 1300 1699 delectatur,
1335 1650 1474 1706 ibique
1507 1647 1620 1689 com-

262 1718 538 1760 morationem
559 1735 675 1761 suam
699 1722 835 1762 locat:
856 1722 984 1762 virtus
1002 1718 1148 1763 vautem
1169 1723 1302 1779 prima
1321 1720 1460 1762 statim
1478 1719 1616 1776 speeie

260 1787 427 1830 visionis
460 1788 615 1843 offensa
636 1780 799 1848 regredi
825 1790 1032 1833 festinavit
1063 1793 1115 1833 ad
1140 1799 1326 1833 mentem
1350 1790 1616 1845 animamque

259 1857 389 1908 Justi,
410 1861 522 1915 quod
544 1860 626 1901 illic
651 1861 924 1902 diversorium
951 1862 1029 1903 sibi
1054 1862 1307 1903 tutissimum
1330 1862 1382 1903 sit
1403 1861 1612 1906 locatum3

259 1944 307 1969 eo
330 1931 443 1985 quod
456 1930 552 1971 alibi
574 1939 773 1987 tanquam
792 1933 984 1973 columba
999 1965 1010 1981 ,
1031 1933 1086 1974 ita
1108 1933 1353 1989 hujusmodi
1381 1932 1512 1973 virtus
1535 1939 1614 1972 sta-

259 1998 415 2040 tionem
444 2000 691 2041 tutissimam
717 2001 903 2042 invenire
925 2017 1009 2042 non
1032 2002 1173 2059 possit.
1208 2003 1345 2045 Tarde
1365 2002 1479 2044 enim
1502 2002 1610 2042 inter

259 2069 428 2110 astutias
458 2069 574 2111 istius
597 2071 770 2120 mundi,
795 2080 836 2113 et
863 2072 1124 2114 saecularium
1149 2073 1303 2115 fluctus
1332 2074 1609 2131 cupiditatum

257 2147 425 2196 portum
448 2141 550 2180 solet
574 2139 758 2181 invenire
776 2141 1031 2199 simplicitas.
1063 2184 1069 2188 ,

315 2208 439 2251 LXV.
479 2209 623 2266 Itaque
642 2211 748 2252 sicut
764 2207 922 2267 justitia
945 2214 1057 2254 velut
1073 2213 1230 2255 visendi
1248 2214 1376 2271 gratia
1389 2231 1607 2273 progressa

255 2278 465 2336 paulisper
482 2281 533 2320 ad
553 2289 739 2322 mentem
760 2282 961 2338 optimam
984 2283 1120 2325 redire
1138 2284 1320 2334 festinat,
1347 2301 1425 2327 nee
1445 2287 1608 2344 longius

258 2349 434 2390 discedit
456 2364 477 2390 a
498 2349 634 2406 just03
657 2351 712 2392 ita
738 2352 864 2394 etiam
884 2353 1020 2409 justus
1046 2362 1088 2395 et
1114 2354 1323 2396 studiosus
1348 2355 1511 2398 virtutis
1533 2357 1607 2399 ubi

250 2418 447 2460 virtutem
472 2420 806 2477 appropinquare
825 2423 1093 2479 cognoverit,
1118 2424 1324 2480 gremium
1346 2440 1429 2466 suae
1451 2426 1606 2467 mentis

251 2487 457 2544 expandit.
483 2489 597 2540 Quid
624 2490 736 2532 enim
769 2491 847 2533 sihi
868 2493 956 2533 vult
986 2494 1099 2549 quod
1120 2493 1181 2534 vir
1203 2494 1412 2537 studiosus
1440 2495 1605 2537 virtutis

249 2557 336 2600 Noe'
353 2560 579 2602 extendens
602 2575 773 2603 manum
791 2563 974 2620 suscepit
995 2578 1113 2612 eam,
1138 2572 1179 2607 et
1195 2564 1428 2609 introduxit
1451 2567 1502 2608 ad
1525 2581 1568 2609 se
1587 2567 1605 2608 Ξ)
