1742 3233
480 315 530 340 m:
567 314 772 341 Απῐιυιῃι.
812 314 891 339 mn.
930 313 954 339 1.
1312 297 1394 340 535

39 407 137 438 ,cem
168 391 295 433 fuisse
327 390 550 438 vitiorum,
580 391 649 446 qui
670 405 752 446 quo
783 391 874 447 plus
897 388 1092 430 habuerit
1116 388 1313 437 licentiae,
1347 404 1396 432 eo

43 464 138 521 plus
176 460 320 517 flagitii
355 460 645 502 commiserit:
672 459 919 502 Abimclech
950 467 1089 500 autem
1124 460 1227 501 adeo
1264 458 1397 503 fidelis

43 532 272 573 aestimatus
300 529 353 571 sit
371 529 482 577 Deo,
506 537 552 570 ut
574 531 775 572 meruerit
798 529 942 571 audire
970 544 978 569 :
1016 546 1031 566 «
1054 529 1105 570 Et
1126 544 1201 585 ego
1221 530 1398 586 cognovi

45 599 273 656 »quoniam
305 614 412 656 puro
440 601 567 640 corde
596 599 728 641 fecisti
752 599 856 647 hoc,
882 617 896 637 »
933 613 1004 639 rex
1025 612 1108 638 non
1133 598 1365 640 afflictionis
1385 631 1396 648 ,

45 677 95 710 ut
129 668 347 725 AEgyptius
365 700 375 715 ,
419 670 491 709 sed
526 669 784 717 munitionis,
836 669 949 724 quod
986 667 1208 715 Gerarum,
1250 669 1400 724 quibus

45 747 246 798 praeerat,
280 738 402 779 (locet
425 738 724 795 interpretatiO.
755 739 844 781 Non
873 753 971 795 ergo
992 745 1054 779 est
1077 737 1250 779 dubium
1277 747 1402 780 caete-

47 809 104 851 ris
131 808 326 865 operibus
348 808 438 863 ejus
470 809 799 865 indignationem
826 808 995 850 Domini
1021 823 1110 849 esse
1136 817 1399 857 revocatam,

48 878 121 934 qui
148 893 244 918 vere
281 877 488 917 interioris
522 878 676 919 arbiter
711 888 772 920 est
805 878 1093 926 conscientiae,
1133 887 1173 919 et
1201 878 1328 919 animi
1355 893 1402 920 ac

48 947 199 989 mentis
221 947 437 1002 interpres,
464 948 653 1003 Denique
677 964 759 989 non
782 956 828 989 ut
850 948 1011 989 Pharao
1038 948 1105 988 ille
1128 955 1358 989 conventus
1383 963 1405 989 a

46 1017 190 1073 Moyse
203 1049 214 1065 ,
235 1017 441 1058 recusavit
458 1026 499 1058 et
516 1018 669 1074 sprevit
683 1020 928 1064 mandatum
944 1018 1044 1065 Dei,
1062 1033 1140 1059 nec
1155 1019 1406 1074 obsequium

49 1088 210 1129 distulit
236 1102 244 1128 :
273 1087 346 1128 sed
382 1088 521 1128 statim
554 1088 717 1129 vocavit
729 1087 989 1135 'Abi-aliam,
1019 1103 1192 1128 uxorem
1223 1103 1340 1128 suam
1369 1087 1408 1129 ei

48 1158 256 1206 reddidit,
289 1157 425 1213 pretio
451 1173 493 1198 se
519 1157 606 1214 ipse
634 1157 852 1199 mulctavit
875 1159 988 1213 quod
1009 1157 1178 1198 vidisset
1202 1157 1377 1198 alienam
1393 1190 1403 1206 ,

51 1228 193 1269 dotem
214 1227 384 1283 pudoris
408 1227 576 1268 exolvit.

109 1297 218 1338 LXI.
255 1296 360 1337 Hinc
383 1312 551 1353 quoque
570 1297 708 1353 colligi
730 1305 870 1354 potest
887 1296 1136 1339 Abimelech
1161 1312 1301 1353 regem
1322 1298 1410 1338 cle-

49 1367 257 1409 mentiora
283 1367 504 1416 meruisse,
539 1370 652 1424 quod
678 1368 891 1409 Abraham
915 1383 989 1425 pro
1017 1383 1066 1408 eo
1090 1368 1248 1424 rogavit
1270 1376 1311 1409 et
1330 1367 1411 1409 im-

51 1436 242 1493 petravit.
269 1437 434 1493 Peperit
452 1437 564 1478 enim
581 1446 621 1478 et
643 1454 748 1479 uxor
765 1439 855 1494 ejus
869 1471 879 1486 ,
905 1453 1006 1494 quas
1028 1445 1122 1478 ante
1148 1439 1413 1479 concluserat

33 1532 35 1534 ·
54 1506 168 1550 Deus
184 1515 356 1563 propter
374 1505 519 1547 Saram
538 1523 712 1548 uxorem
730 1508 908 1549 Abrahae
930 1523 938 1548 ε
966 1508 1205 1563 quodaeque
1224 1508 1275 1547 ad
1296 1521 1407 1547 oeco-

54 1577 241 1620 numiam
259 1577 439 1634 pertinet
454 1611 462 1625 ‚
481 1585 526 1618 ut
540 1578 650 1619 Sarae
669 1585 810 1634 partus
827 1577 902 1618 Dei
918 1579 1022 1618 dona
1032 1586 1095 1618 tus
1111 1577 1411 1633 promissione,

54 1647 181 1688 etiam
203 1648 284 1688 hoc
308 1647 526 1688 fulciretur
550 1639 811 1695 testimonio3
837 1663 935 1688 cum
958 1649 1146 1688 advertas
1174 1647 1249 1687 Dei
1278 1646 1415 1687 offen—

53 1717 173 1758 sione
205 1725 247 1758 et
268 1716 484 1758 foecundas
511 1718 788 1765 sterilescere,
822 1725 863 1758 et
885 1731 1053 1757 rursum
1080 1716 1249 1757 Domini
1272 1718 1418 1757 volun-

57 1794 143 1828 tate
167 1786 325 1827 steriles
344 1787 599 1834 foecundari,
625 1787 739 1842 juxta
761 1788 874 1843 quod
894 1787 1097 1844 seriptum
1121 1794 1184 1827 est
1204 1801 1212 1826 :
1235 1804 1250 1823 «
1268 1786 1417 1828 Nonne

60 1856 273 1897 »sterilem
296 1865 336 1897 et
358 1856 588 1913 parientem
611 1871 686 1912 ego
705 1856 783 1897 feci
798 1888 808 1904 ,
834 1856 938 1897 (licit
953 1854 1207 1896 Dominus'i'
1225 1873 1240 1893 1>
1260 1856 1420 1906 Quam-

58 1926 121 1970 vis
145 1928 197 1968 ad
219 1926 448 1984 Synagogae
470 1927 573 1967 illud
599 1934 640 1967 et
663 1927 860 1967 Ecclesiae
886 1926 1133 1983 mysterium
1158 1925 1318 1966 dictum
1347 1941 1419 1967 ac-

64 1997 266 2053 cipiatur3
298 1997 390 2053 quia
430 2004 472 2038 et
501 1997 724 2053 Synagoga
757 2006 899 2053 partus
931 1996 1088 2037 habere
1122 1996 1294 2044 desivit,
1328 1987 1421 2051 qnae

44 2067 338 2110 successionis
384 2067 574 2108 fraudata
624 2074 685 2108 est
734 2067 979 2123 posteritate
999 2098 1010 2113 ,
1058 2074 1099 2106 et
1149 2065 1419 2122 congregatio

64 2137 282 2180 nationum
305 2151 404 2192 quae-
429 2137 577 2178 sterilis
601 2143 690 2177 erat
720 2151 818 2177 eum
847 2137 982 2177 Deum
1016 2135 1249 2192 ignoraret,
1277 2144 1422 2192 partus

65 2206 222 2250 habere
240 2207 413 2264 coeporit
433 2215 621 2248 aeternos.
653 2208 771 2248 Unde
793 2209 949 2248 lectum
971 2214 1055 2254 est,
1091 2222 1107 2243 α
1128 2205 1285 2246 Laetare
1307 2205 1426 2246 steri-

64 2277 160 2324 ulis,
181 2293 272 2333 quae
294 2292 377 2318 non
399 2278 508 2334 paris
533 2293 542 2318 τ
567 2292 741 2333 erumpe
763 2285 803 2318 et
825 2278 1027 2324 exclama,
1054 2290 1145 2332 quae
1168 2290 1252 2315 non
1275 2283 1418 2331 partu·

68 2345 178 2394 nris;
204 2346 402 2402 quoniam
433 2348 573 2403 plures
602 2346 673 2387 filii
708 2349 881 2387 desertae
905 2345 1035 2402 magis
1060 2360 1185 2402 quam
1217 2344 1307 2402 ejus
1335 2360 1427 2402 quae

68 2415 228 2459 »hahet
247 2416 424 2459 virum2.
447 2435 463 2456 υ

127 2485 260 2528 LXIL
302 2504 317 2524 «
340 2486 514 2528 Genitus
543 2494 605 2528 est
634 2494 774 2528 autem
798 2485 978 2528 Abrahae
1017 2484 1126 2528 filius
1159 2486 1299 2534 Isaac,
1328 2499 1427 2527 cum

71 2564 212 2601 »esset
227 2571 437 2603 muer-um
462 2556 673 2599 eentum³.
701 2575 717 2596 »
745 2557 796 2598 Et
818 2564 865 2599 tu
887 2556 920 2598 si
946 2556 1157 2614 perfectus
1174 2555 1301 2599 fueris
1316 2587 1327 2605 ,
1351 2554 1451 2598 ha-·

121 2652 130 2667 ¹
153 2644 226 2677 lsai.
240 2655 327 2686 uvi,
344 2657 377 2690 9.
398 2654 469 2672 -=·
489 2646 542 2679 ld.
556 2657 617 2684 nv,
637 2657 664 2679 ι.
685 2663 726 2671 -
741 2645 855 2680 ³-Gem
871 2656 937 2687 xm,
955 2646 990 2678 5.
