1742 3233
470 298 520 324 ms
555 296 764 325 ABRAHAM.
804 296 882 324 Lm.
920 299 960 325 ιι.
1307 286 1386 329 585

44 394 60 416 ι
75 376 237 425 timere,
257 375 432 425 Abram,
461 391 537 434 ego
553 384 768 434 protegam
796 385 858 424 to,
878 390 1039 419 merces
1066 385 1134 419 tua
1157 377 1289 420 multa
1316 378 1395 420 erit

43 448 191 489 »valde
219 445 248 488 ³.
278 447 468 498 »Quaero
500 462 575 489 cur
608 455 700 504 post
733 446 832 488 belli
867 447 1094 489 eventum?
1128 446 1392 505 Spondendae

44 516 249 558 mercedis
271 517 388 558 locus
406 531 518 559 nunc
542 525 641 559 erat.
670 516 804 558 Minus
827 517 938 557 enim
959 517 1149 560 mirabile
1170 517 1342 565 faceret,
1362 517 1394 559 si

44 594 211 628 secutus
232 586 485 643 promissum
503 587 578 629 Dei
601 595 709 628 esset
732 585 895 627 hostem
913 587 1102 628 ¹adorsus.
1126 586 1319 628 Victoriae
1337 602 1396 628 se-

45 670 171 697 curus
196 664 459 712 processerat
486 658 537 698 ad
571 655 830 712 triumphum
861 656 992 712 magis
1020 655 1241 704 invitatus,
1269 670 1394 711 quam

43 733 265 783 promptus
283 728 334 767 ad
350 726 524 782 gloriam
537 758 547 774 ,
571 727 636 767 vel
656 727 706 767 ad
723 726 1012 767 ulciscendum
1028 726 1190 782 pietatis
1209 726 1397 768 dolorem

43 803 226 851 paratus.
263 795 530 853 Propositum
562 796 639 852 piae
663 796 812 837 mentis
838 797 1075 837 mercedem
1104 811 1188 837 non
1215 794 1394 852 expetit,

45 865 118 905 sed
141 879 216 920 pro
240 867 435 906 mercede
466 865 592 906 habet
620 865 718 914 boni
750 865 849 906 sacti
875 865 1173 907 conscientiam
1191 897 1201 913 ,
1229 872 1271 906 et
1295 863 1395 920 justi

44 934 182 991 operis
200 934 411 978 affectum.
435 935 632 993 Angusta}
650 945 810 978 mentes
833 936 1059 978 invitentur
1076 935 1304 993 promissis,
1321 934 1397 976 eri-

45 1012 197 1060 gantur
221 1005 394 1061 speratis
411 1006 677 1046 mercedibus
700 1020 708 1046 :
727 1006 838 1046 bona
856 1021 973 1047 mens
991 1021 1082 1061 quae
1105 1006 1190 1046 sino
1211 1004 1399 1061 responsi

45 1073 224 1116 coelestis
242 1075 476 1131 syngrapha
495 1083 707 1116 certamen
727 1066 900 1131 arripuit
916 1108 926 1123 ,
945 1074 1120 1131 gemina}
1136 1075 1269 1116 laudis
1285 1073 1400 1114 fruc-

45 1150 135 1184 tum
166 1144 341 1199 acquirit
368 1143 467 1191 sibi3
502 1151 548 1184 ut
583 1152 625 1184 et
657 1142 1023 1185 confidentissimae
1051 1142 1333 1195 fortitudinis,
1359 1150 1402 1188 et

0 1205 1 1214 ἶ
44 1212 292 1270 plenissimae
310 1212 540 1254 devotionis
559 1212 734 1269 gratiam
752 1210 877 1255 locet.
898 1213 1024 1264 Quod
1042 1213 1092 1254 de
1110 1220 1252 1254 sancto
1263 1211 1401 1254 Abra-

46 1283 144 1325 ham
166 1282 364 1325 :estimari
386 1282 606 1330 convenit3
632 1282 727 1338 quia
745 1291 786 1323 et
804 1282 991 1325 divinum
1011 1283 1195 1324 savorem
1212 1297 1296 1323 non
1314 1282 1402 1338 des-

0 1409 1 1412 *
46 1353 129 1411 pici
162 1369 206 1395 se
234 1353 357 1409 justis
391 1353 509 1395 duxit
540 1352 754 1395 doloribus
791 1351 921 1411 (55),
954 1361 997 1395 et
1031 1353 1196 1395 hostem
1219 1351 1401 1410 perculit

0 1414 1 1481 f
49 1424 246 1479 despectu
274 1423 478 1479 periculi,
503 1424 616 1479 quod
637 1423 815 1479 gloriose
843 1423 920 1465 sibi
948 1438 1024 1481 pro
1049 1422 1209 1464 ultione
1242 1421 1406 1479 pietatis

48 1493 318 1534 subeundum
333 1492 507 1549 putavit.
536 1492 613 1535 Dei
634 1507 802 1548 quoque
826 1492 868 1533 in
889 1508 938 1535 eo
961 1493 1212 1549 praedicatur
1229 1491 1404 1548 justitia,

49 1562 119 1618 qui
142 1563 524 1604 remunerationem
540 1562 619 1619 piis
636 1562 848 1603 mentibus
871 1577 956 1603 non
977 1577 1027 1603 ex
1042 1562 1289 1604 necessitate
1305 1577 1380 1619 pro

49 1632 177 1681 missi,
203 1633 276 1674 sed
298 1648 348 1674 ex
370 1632 574 1689 aequitatis
590 1647 681 1686 'suae
703 1632 1058 1688 contemplatione
1082 1632 1278 1689 largitur,
1298 1631 1408 1688 judi·

50 1719 149 1745 cans
176 1703 348 1761 dignum
367 1703 455 1744 sore
478 1704 591 1759 quod
616 1703 659 1744 hi
682 1703 752 1759 qui
774 1703 954 1744 militant
981 1702 1068 1744 sine
1086 1703 1221 1759 aliqua
1245 1717 1404 1744 merce-

50 1773 112 1817 dis
138 1774 333 1816 humanae
358 1774 698 1815 remuneratione
723 1774 953 1830 repositum
975 1774 1159 1815 habeant
1185 1773 1406 1830 praemium

52 1845 93 1887 in
111 1845 200 1901 ejus
217 1845 419 1893 bonitate,
438 1846 506 1887 cui
527 1847 789 1887 devovendas
809 1846 964 1887 animas
982 1861 1075 1887 suas
1092 1844 1399 1887 aestimaverint.

50 1915 185 1957 Simul
205 1914 299 1971 quia
324 1912 484 1956 adoreis
507 1914 666 1956 bellicis
693 1931 743 1956 ex
767 1929 842 1956 usu
865 1915 992 1972 ipsius
1018 1914 1219 1963 victoriae,
1246 1922 1316 1956 aut
1331 1914 1405 1957 ho-

52 1985 214 2027 minum
235 1984 365 2042 gratia
397 1993 589 2041 paratum
616 1993 677 2026 est
704 1985 951 2041 przemium3
980 1984 1143 2041 pietatis
1171 1992 1336 2033 autem,
1366 1991 1407 2025 et

54 2054 337 2112 parcimoniae,
359 2054 567 2111 puritatis,
586 2063 917 2110 caeterarumque
932 2056 1045 2096 velut
1061 2054 1315 2111 privatarum
1332 2053 1411 2095 vir-

56 2134 191 2168 tutum
213 2141 235 2167 a
257 2126 344 2168 Deo
364 2125 549 2167 solvitur.
574 2125 678 2176 Quae
700 2125 919 2166 manifesta
935 2132 1031 2166 sunt
1047 2124 1310 2172 hominibus,
1331 2123 1408 2181 ipsi

55 2203 389 2237 remunerantur.
418 2194 509 2237 Non
534 2195 674 2236 onmia
699 2188 838 2236 autem
864 2195 1096 2243 manifesta,
1124 2195 1197 2237 sed
1219 2194 1296 2236 alia
1318 2209 1409 2235 mau

55 2265 217 2313 nifesta,
238 2265 313 2306 alia
333 2264 509 2313 incerta,
529 2273 570 2306 et
587 2265 769 2306 maxime
792 2266 958 2307 occulta
975 2264 1124 2307 cordis.
1151 2266 1267 2307 Unde
1283 2272 1325 2306 et
1342 2264 1410 2306 ille

58 2335 113 2376 ait
134 2350 142 2376 :
160 2335 351 2375 «Incerta
375 2342 416 2375 et
433 2335 599 2376 occulta
624 2334 762 2376 cordis
784 2334 1057 2377 manifestasti
1078 2334 1181 2376 mihi
1202 2333 1234 2383 ²,
1255 2352 1270 2373 »
1299 2349 1405 2390 quo-

57 2404 152 2447 rum
181 2413 391 2463 spectator
421 2412 462 2446 et
496 2413 703 2448 scrutator
734 2405 846 2447 Deus
875 2413 948 2448 est.
977 2405 1069 2448 Non
1090 2420 1189 2463 ergo
1211 2420 1408 2463 magnam

58 2476 299 2518 mercedem
328 2475 586 2532 promisisset
619 2475 824 2525 Ain-ahaz,
857 2476 934 2518 nisi
964 2492 1112 2534 puram
1146 2475 1327 2520 animam
1361 2475 1410 2518 ab

60 2545 174 2588 omni
197 2544 445 2602 contagione
473 2545 727 2588 delictorum
752 2544 990 2603 judicasset.

106 2644 115 2660 ¹
134 2636 216 2669 Gen.
238 2646 290 2674 xv,
308 2646 339 2669 ι.
361 2654 400 2663 -
414 2646 426 2662 ²
446 2636 530 2672 Psal.
547 2647 575 2675 ι,
603 2636 639 2672 8,
