1742 3233
297 279 380 320 560
841 295 869 321 S.
911 293 1100 321 summm

285 370 373 411 Hoc
387 383 484 425 ergo
496 367 709 424 Scriptura
722 369 859 417 docet,
881 370 977 425 quia
996 368 1206 410 Abraham
1224 384 1246 411 a
1263 372 1477 413 stellarum
1495 372 1637 415 obser-

288 439 455 481 vatione
481 438 715 494 demigrans
736 437 872 480 Deum
894 439 1009 481 vidit.

350 506 405 550 X.
446 505 718 548 Confirmatio
732 507 958 549 testimonii
975 508 1231 565 adjungitur,
1251 510 1346 566 quia
1362 510 1402 552 in
1420 511 1512 552 loco
1529 525 1642 554 aram

291 577 471 620 Domino
503 574 723 617 aedificavit
753 577 817 625 ei,
849 577 919 632 qui
955 577 1032 618 sihi
1066 578 1296 634 apparuit¹.
1326 579 1556 636 Impressus
1582 588 1644 622 est

291 649 403 691 enim
425 657 549 704 typus
580 646 654 687 iste
687 646 846 686 validus
868 646 909 686 in
932 646 1070 687 anima
1093 646 1204 702 ejus,
1227 655 1269 688 et
1294 648 1508 690 manifesta
1539 647 1643 690 fides

290 719 486 764 veritatis.
520 716 710 772 Suppetit
733 716 844 756 enim
866 724 981 772 grato
997 717 1085 758 viro
1103 718 1306 759 memoria
1323 750 1333 766 ,
1360 718 1519 774 ingrato
1538 718 1643 760 irre-

286 792 347 849 pit
368 788 532 831 oblivio.
566 786 628 827 Illi
658 786 816 826 haerent
839 800 860 826 a
885 786 1034 841 quibus
1062 787 1298 842 adjuvatur,
1340 788 1406 829 isti
1438 789 1643 830 labuntur

290 859 427 902 omnia
450 871 541 914 quae
563 855 847 897 conferuntur.
873 854 1027 896 Statuit
1055 864 1194 897 autem
1217 872 1329 898 aram
1348 890 1358 906 ,
1380 859 1452 899 sed
1474 873 1558 900 non
1576 874 1642 900 sa-

291 928 507 972 crisscavit.
528 927 672 968 Posset
688 939 862 965 anere·
877 957 887 972 ,
912 924 989 965 nisi
1011 926 1272 967 meminisses
1294 941 1512 982 processus
1529 942 1643 968 men-

287 1002 336 1043 tis
353 1033 363 1048 ,
384 998 508 1056 hujus
525 996 749 1052 Scripturae
767 993 870 1035 serie
887 994 1053 1035 servari.
1079 995 1129 1035 Et
1155 995 1247 1037 ideo
1271 997 1487 1053 spectabat
1510 1013 1531 1038 a
1553 997 1640 1039 Deo

289 1085 418 1129 genus
441 1069 602 1110 discere
629 1063 906 1106 sacrificandi.
939 1058 1194 1106 Advertebat
1215 1066 1326 1106 enim
1348 1066 1640 1109 irrationabilis

291 1137 508 1182 animantis
522 1145 563 1177 et
575 1143 700 1176 multe
718 1134 890 1190 pecudis
908 1133 1160 1175 sacrificium
1180 1135 1350 1191 dignum
1367 1136 1506 1177 divino
1524 1138 1640 1178 cultu

288 1209 468 1252 hostiam
494 1220 578 1246 non
608 1204 752 1245 videri.
785 1203 982 1244 Nondum
1005 1203 1045 1243 in
1068 1204 1182 1245 Isaac
1215 1213 1363 1261 typum
1390 1214 1640 1262 cognoverat

288 1275 488 1335 passionis
510 1274 683 1321 futurae,
710 1272 899 1313 nondum
922 1271 1231 1314 Melchisedech
1258 1274 1430 1315 dederat
1455 1274 1492 1315 ei
1509 1274 1640 1316 bene-

290 1346 482 1390 dictionis
504 1343 679 1401 gratiam
694 1371 712 1389 ,r
733 1350 779 1382 ut
803 1341 878 1382 ista
907 1349 1192 1397 cognosceret.

347 1417 422 1460 XI.
463 1412 700 1459 «Recessit,
730 1411 825 1452 inde
849 1410 890 1451 in
914 1419 1103 1451 montem
1119 1443 1129 1458 ‚
1153 1419 1295 1452 contra
1319 1411 1534 1453 Orientem
1557 1412 1640 1454 Be-

287 1484 444 1529 »thel².
463 1503 478 1523 »
501 1483 818 1524 lucrementum
852 1479 1082 1521 devotionis
1114 1480 1268 1521 montis
1297 1480 1503 1538 significat
1533 1482 1639 1523 emi-

286 1557 443 1604 nentia,
458 1553 577 1610 cujus
590 1551 774 1594 ascensio
788 1549 990 1591 indicium
1001 1558 1061 1590 est
1074 1549 1280 1591 uberioris
1293 1564 1522 1606 processus.
1533 1551 1638 1592 Con-

287 1636 349 1669 tra
379 1625 595 1668 Orientem
625 1622 744 1668 idco,
776 1620 872 1676 quia
906 1619 1182 1675 propheta-hat
1211 1628 1435 1662 venturum
1469 1620 1636 1677 justitiae

287 1699 426 1740 Solem
441 1713 451 1744 ;
469 1694 581 1751 quod
594 1692 675 1733 illic
689 1690 897 1746 Sapientia
911 1689 1162 1745 pararetsibi
1181 1690 1368 1737 domum,
1388 1698 1429 1731 et
1447 1689 1541 1731 inde
1564 1705 1637 1746 per

289 1767 500 1824 Virginem
523 1776 646 1805 suum
666 1759 981 1818 praedcstinaret
997 1767 1202 1800 exortum.
1227 1758 1401 1801 Volebat
1421 1774 1517 1816 ergo
1537 1774 1637 1816 cog-

285 1836 595 1880 noscendorum
628 1831 713 1888 jam
754 1828 1051 1886 mysteriorum
1087 1830 1229 1870 lumen
1273 1829 1475 1885 accipere.
1520 1828 1638 1871 Sicut

285 1909 396 1950 enim
420 1906 504 1947 sole
524 1903 706 1944 mundus
722 1933 732 1948 ‚
752 1900 808 1941 ita
827 1900 1047 1955 splendore
1069 1898 1279 1954 sapientiae
1296 1906 1382 1939 tota
1400 1913 1517 1939 mens
1540 1898 1635 1939 illu—

285 1976 526 2021 minabitur.
553 1971 783 2026 Meritoque
807 1969 945 2025 posuit
967 1976 1108 2009 contra
1134 1967 1351 2009 Orientem
1367 1967 1627 2009 Bethlehem.

233 2026 238 2029 l
285 2051 444 2092 Domus
481 2044 592 2087 enim
626 2042 702 2084 Dei
744 2040 896 2082 dicitur
925 2038 1196 2085 Bethlehem,
1228 2037 1268 2078 in
1308 2053 1387 2093 qua
1417 2045 1538 2079 natus
1572 2046 1634 2079 est

288 2119 490 2162 Christus.
524 2114 642 2156 [nde
667 2111 721 2153 ait
750 2126 825 2167 per
852 2108 1102 2165 Prophetam
1132 2107 1243 2149 Deus
1264 2123 1272 2148 :
1291 2108 1373 2148 «Et
1397 2115 1462 2156 tn,
1502 2107 1633 2149 Beth-

284 2209 299 2229 n
312 2189 471 2234 lehem,
491 2199 573 2226 non
601 2198 643 2224 es
665 2181 837 2222 minima
862 2179 969 2220 inter
991 2177 1199 2234 principes
1223 2176 1358 2225 Juda3
1383 2192 1433 2218 ex
1456 2185 1496 2218 te
1518 2177 1631 2218 enim

285 2259 423 2301 „exiet
452 2255 667 2313 princeps,
699 2250 769 2306 qui
797 2256 910 2305 regat
941 2249 1143 2304 populum
1174 2245 1357 2288 meum3.
1377 2264 1392 2284 n
1416 2246 1507 2288 Non
1530 2246 1630 2288 dixit

287 2337 432 2372 contra
462 2323 735 2368 Bethlehem,
767 2320 839 2361 sed
869 2318 1186 2360 tabernaculum
1217 2316 1353 2373 ipsum
1382 2315 1630 2358 Bethlehem

285 2395 516 2457 appellavit.
542 2390 728 2435 Ecclesia
747 2388 859 2431 enim
875 2375 1083 2444 justorum
1099 2394 1161 2428 est
1178 2385 1509 2427 tabernaculum.
1532 2384 1627 2427 Jam

283 2471 351 2512 illa
383 2467 474 2524 quis
506 2478 589 2506 non
615 2461 790 2503 miretur
824 2457 1043 2515 mysteria,
1078 2457 1191 2512 quod
1227 2454 1475 2497 Bethlehem
1509 2453 1626 2510 juxta

280 2553 396 2583 mare
417 2535 594 2579 Galilaeae
613 2540 676 2574 est
697 2531 747 2572 ab
770 2529 954 2572 Oriente.
976 2526 1143 2569 Etenim
1164 2526 1229 2569 vel
1252 2524 1411 2575 anima,
1437 2538 1527 2582 quae
1543 2539 1627 2567 me-

326 2640 335 2658 ¹
355 2628 437 2663 Gen.
453 2636 515 2666 κη,
534 2636 565 2671 7.
581 2642 620 2650 --
639 2633 650 2648 ²
670 2621 755 2656 Ibid.
775 2620 806 2655 8.
823 2638 863 2646 -
881 2621 894 2645 ³
913 2618 1013 2652 Mich.
1030 2628 1063 2658 v,
1081 2628 1112 2652 ο.
