<?xml version="1.0" encoding="UTF-8"?>
<!DOCTYPE html PUBLIC "-//W3C//DTD XHTML 1.0 Transitional//EN"
    "http://www.w3.org/TR/xhtml1/DTD/xhtml1-transitional.dtd">
<html xmlns="http://www.w3.org/1999/xhtml" xml:lang="en" lang="en">
 <head>
  <title>
</title>
<meta http-equiv="Content-Type" content="text/html;charset=utf-8" />
  <meta name='ocr-system' content='tesseract 3.04.00' />
  <meta name='ocr-capabilities' content='ocr_page ocr_carea ocr_par ocr_line ocrx_word'/>
</head>
<body>
  <div class='ocr_page' id='page_1' title='image "./omniaequaeextant01ambruoft_0526.png"; bbox 0 0 1742 3233; ppageno 0'>
   <div class='ocr_carea' id='block_1_1' title="bbox 332 283 1139 339">
    <p class='ocr_par' dir='ltr' id='par_1_1' title="bbox 332 283 1139 339">
     <span class='ocr_line' id='line_1_1' title="bbox 332 283 1139 339; baseline 0.001 -14"><span class='ocrx_word' id='word_1_1' title='bbox 332 283 419 339; x_wconf 73' lang='grc'><strong>494</strong></span> <span class='ocrx_word' id='word_1_2' title='bbox 881 299 912 326; x_wconf 91' lang='lat' dir='ltr'><strong>s.</strong></span> <span class='ocrx_word' id='word_1_3' title='bbox 952 299 1139 327; x_wconf 75' lang='lat' dir='ltr'>AMBROSH</span> 
     </span>
    </p>
   </div>
   <div class='ocr_carea' id='block_1_2' title="bbox 333 373 1695 1271">
    <p class='ocr_par' dir='ltr' id='par_1_2' title="bbox 333 373 1687 710">
     <span class='ocr_line' id='line_1_2' title="bbox 333 373 1686 435; baseline 0.004 -22"><span class='ocrx_word' id='word_1_4' title='bbox 333 373 472 430; x_wconf 87' lang='lat' dir='ltr'><strong>priora</strong></span> <span class='ocrx_word' id='word_1_5' title='bbox 497 373 831 431; x_wconf 85' lang='lat' dir='ltr'><strong>appetebat:sed</strong></span> <span class='ocrx_word' id='word_1_6' title='bbox 844 375 1189 424; x_wconf 76' lang='lat' dir='ltr'>obliviscebatur,</span> <span class='ocrx_word' id='word_1_7' title='bbox 1217 383 1264 417; x_wconf 91' lang='lat' dir='ltr'><strong>ut</strong></span> <span class='ocrx_word' id='word_1_8' title='bbox 1287 374 1563 418; x_wconf 80' lang='lat' dir='ltr'>absconderet</span> <span class='ocrx_word' id='word_1_9' title='bbox 1588 392 1686 435; x_wconf 89' lang='lat' dir='ltr'><strong>per-</strong></span> 
     </span>
     <span class='ocr_line' id='line_1_3' title="bbox 336 442 1687 502; baseline 0.003 -19"><span class='ocrx_word' id='word_1_10' title='bbox 336 442 561 484; x_wconf 81' lang='lat' dir='ltr'><strong>secutionis</strong></span> <span class='ocrx_word' id='word_1_11' title='bbox 583 444 770 492; x_wconf 83' lang='lat' dir='ltr'><strong>errores,</strong></span> <span class='ocrx_word' id='word_1_12' title='bbox 794 452 842 485; x_wconf 88' lang='lat' dir='ltr'><strong>ut</strong></span> <span class='ocrx_word' id='word_1_13' title='bbox 867 452 1025 501; x_wconf 81' lang='lat' dir='ltr'><strong>tegeret</strong></span> <span class='ocrx_word' id='word_1_14' title='bbox 1047 444 1260 501; x_wconf 83' lang='lat' dir='ltr'><strong>superiora</strong></span> <span class='ocrx_word' id='word_1_15' title='bbox 1288 445 1459 494; x_wconf 87' lang='lat' dir='ltr'><strong>delicta,</strong></span> <span class='ocrx_word' id='word_1_16' title='bbox 1483 445 1687 502; x_wconf 81' lang='lat' dir='ltr'>bonisque</span> 
     </span>
     <span class='ocr_line' id='line_1_4' title="bbox 336 513 1687 572; baseline 0.004 -20"><span class='ocrx_word' id='word_1_17' title='bbox 336 513 533 569; x_wconf 80' lang='lat' dir='ltr'>operibus</span> <span class='ocrx_word' id='word_1_18' title='bbox 559 513 846 556; x_wconf 82' lang='lat' dir='ltr'><strong>obumbraret.</strong></span> <span class='ocrx_word' id='word_1_19' title='bbox 867 515 1017 556; x_wconf 80' lang='lat' dir='ltr'>«Beati</span> <span class='ocrx_word' id='word_1_20' title='bbox 1046 514 1158 555; x_wconf 88' lang='lat' dir='ltr'><strong>enim</strong></span> <span class='ocrx_word' id='word_1_21' title='bbox 1187 523 1228 556; x_wconf 90' lang='lat' dir='ltr'><strong>et</strong></span> <span class='ocrx_word' id='word_1_22' title='bbox 1255 515 1338 564; x_wconf 90' lang='lat' dir='ltr'><strong>illi,</strong></span> <span class='ocrx_word' id='word_1_23' title='bbox 1370 530 1550 572; x_wconf 88' lang='lat' dir='ltr'><strong>quorum</strong></span> <span class='ocrx_word' id='word_1_24' title='bbox 1577 524 1687 558; x_wconf 87' lang='lat' dir='ltr'><strong>tecta</strong></span> 
     </span>
     <span class='ocr_line' id='line_1_5' title="bbox 336 581 1687 642; baseline 0.005 -22"><span class='ocrx_word' id='word_1_25' title='bbox 336 589 462 622; x_wconf 85' lang='lat' dir='ltr'><strong>»sunt</strong></span> <span class='ocrx_word' id='word_1_26' title='bbox 484 581 681 638; x_wconf 78' lang='lat' dir='ltr'><strong>peccata¹</strong></span> <span class='ocrx_word' id='word_1_27' title='bbox 700 599 739 631; x_wconf 70' lang='grc' dir='ltr'><strong>ς»</strong></span> <span class='ocrx_word' id='word_1_28' title='bbox 753 582 795 623; x_wconf 90' lang='lat' dir='ltr'><strong>id</strong></span> <span class='ocrx_word' id='word_1_29' title='bbox 818 591 881 624; x_wconf 91' lang='lat' dir='ltr'><strong>est</strong></span> <span class='ocrx_word' id='word_1_30' title='bbox 895 615 906 631; x_wconf 81' lang='grc'>,</span> <span class='ocrx_word' id='word_1_31' title='bbox 930 583 963 624; x_wconf 89' lang='lat' dir='ltr'><strong>si</strong></span> <span class='ocrx_word' id='word_1_32' title='bbox 988 591 1182 640; x_wconf 83' lang='lat' dir='ltr'><strong>tegantur</strong></span> <span class='ocrx_word' id='word_1_33' title='bbox 1203 583 1323 626; x_wconf 89' lang='lat' dir='ltr'><strong>bonis</strong></span> <span class='ocrx_word' id='word_1_34' title='bbox 1345 584 1464 626; x_wconf 88' lang='lat' dir='ltr'><strong>sactis</strong></span> <span class='ocrx_word' id='word_1_35' title='bbox 1479 617 1490 633; x_wconf 88' lang='lat'>,</span> <span class='ocrx_word' id='word_1_36' title='bbox 1521 593 1564 627; x_wconf 89' lang='lat' dir='ltr'><strong>et</strong></span> <span class='ocrx_word' id='word_1_37' title='bbox 1594 599 1687 642; x_wconf 85' lang='lat' dir='ltr'><strong>ope-</strong></span> 
     </span>
     <span class='ocr_line' id='line_1_6' title="bbox 336 651 1267 710; baseline 0.004 -19"><span class='ocrx_word' id='word_1_38' title='bbox 336 651 497 691; x_wconf 77' lang='lat' dir='ltr'><strong>riantur</strong></span> <span class='ocrx_word' id='word_1_39' title='bbox 514 652 717 692; x_wconf 83' lang='lat' dir='ltr'><strong>virtutum</strong></span> <span class='ocrx_word' id='word_1_40' title='bbox 739 652 1008 706; x_wconf 76' lang='lat' dir='ltr'><strong>sequentibus</strong></span> <span class='ocrx_word' id='word_1_41' title='bbox 1027 652 1267 710; x_wconf 87' lang='lat' dir='ltr'><strong>disciplinis.</strong></span> 
     </span>
    </p>

    <p class='ocr_par' dir='ltr' id='par_1_3' title="bbox 334 720 1695 1271">
     <span class='ocr_line' id='line_1_7' title="bbox 396 720 1677 778; baseline 0.001 -15"><span class='ocrx_word' id='word_1_42' title='bbox 396 720 583 763; x_wconf 79' lang='lat' dir='ltr'>CXVIII.</span> <span class='ocrx_word' id='word_1_43' title='bbox 625 721 700 762; x_wconf 87' lang='lat' dir='ltr'><strong>«Et</strong></span> <span class='ocrx_word' id='word_1_44' title='bbox 721 720 904 777; x_wconf 87' lang='lat' dir='ltr'><strong>sobrius,</strong></span> <span class='ocrx_word' id='word_1_45' title='bbox 929 722 1061 778; x_wconf 88' lang='lat' dir='ltr'><strong>inquit</strong></span> <span class='ocrx_word' id='word_1_46' title='bbox 1076 756 1086 771; x_wconf 86' lang='lat'><strong><em>,</em></strong></span> <span class='ocrx_word' id='word_1_47' title='bbox 1108 722 1241 764; x_wconf 83' lang='lat' dir='ltr'><strong>sactus</strong></span> <span class='ocrx_word' id='word_1_48' title='bbox 1264 732 1326 765; x_wconf 88' lang='lat' dir='ltr'><strong>est</strong></span> <span class='ocrx_word' id='word_1_49' title='bbox 1348 723 1435 767; x_wconf 65' lang='lat' dir='ltr'><strong>Noe</strong></span> <span class='ocrx_word' id='word_1_50' title='bbox 1458 740 1478 765; x_wconf 89' lang='lat' dir='ltr'><strong>a</strong></span> <span class='ocrx_word' id='word_1_51' title='bbox 1502 723 1638 766; x_wconf 78' lang='lat' dir='ltr'><strong>vino².</strong></span> <span class='ocrx_word' id='word_1_52' title='bbox 1661 743 1677 763; x_wconf 65' lang='lat' dir='ltr'>n</span> 
     </span>
     <span class='ocr_line' id='line_1_8' title="bbox 334 789 1689 843; baseline 0.004 -13"><span class='ocrx_word' id='word_1_53' title='bbox 334 789 598 831; x_wconf 80' lang='lat' dir='ltr'><strong>Manifestum</strong></span> <span class='ocrx_word' id='word_1_54' title='bbox 619 797 681 831; x_wconf 88' lang='lat' dir='ltr'><strong>est</strong></span> <span class='ocrx_word' id='word_1_55' title='bbox 697 805 748 831; x_wconf 82' lang='lat' dir='ltr'><strong>ex</strong></span> <span class='ocrx_word' id='word_1_56' title='bbox 767 789 969 832; x_wconf 87' lang='lat' dir='ltr'><strong>ebrietate</strong></span> <span class='ocrx_word' id='word_1_57' title='bbox 983 824 994 840; x_wconf 85' lang='lat'><strong><em>,</em></strong></span> <span class='ocrx_word' id='word_1_58' title='bbox 1018 792 1307 834; x_wconf 81' lang='lat' dir='ltr'><strong>intercedente</strong></span> <span class='ocrx_word' id='word_1_59' title='bbox 1330 808 1477 834; x_wconf 88' lang='lat' dir='ltr'><strong>somno</strong></span> <span class='ocrx_word' id='word_1_60' title='bbox 1492 826 1503 843; x_wconf 92' lang='lat'>‚</span> <span class='ocrx_word' id='word_1_61' title='bbox 1528 793 1689 835; x_wconf 88' lang='lat' dir='ltr'><strong>sobrios</strong></span> 
     </span>
     <span class='ocr_line' id='line_1_9' title="bbox 340 857 1691 921; baseline 0.005 -22"><span class='ocrx_word' id='word_1_62' title='bbox 340 857 431 900; x_wconf 87' lang='lat' dir='ltr'><strong>fieri</strong></span> <span class='ocrx_word' id='word_1_63' title='bbox 452 858 642 901; x_wconf 88' lang='lat' dir='ltr'><strong>homines</strong></span> <span class='ocrx_word' id='word_1_64' title='bbox 667 874 676 900; x_wconf 73' lang='grc' dir='ltr'><strong><em>ε</em></strong></span> <span class='ocrx_word' id='word_1_65' title='bbox 702 874 822 902; x_wconf 89' lang='lat' dir='ltr'><strong>mens</strong></span> <span class='ocrx_word' id='word_1_66' title='bbox 850 869 990 902; x_wconf 90' lang='lat' dir='ltr'><strong>autem</strong></span> <span class='ocrx_word' id='word_1_67' title='bbox 1013 862 1148 903; x_wconf 86' lang='lat' dir='ltr'><strong>sobria</strong></span> <span class='ocrx_word' id='word_1_68' title='bbox 1177 871 1262 911; x_wconf 88' lang='lat' dir='ltr'><strong>est,</strong></span> <span class='ocrx_word' id='word_1_69' title='bbox 1288 865 1454 920; x_wconf 87' lang='lat' dir='ltr'><strong>quando</strong></span> <span class='ocrx_word' id='word_1_70' title='bbox 1485 872 1527 905; x_wconf 86' lang='lat' dir='ltr'><strong>et</strong></span> <span class='ocrx_word' id='word_1_71' title='bbox 1546 871 1691 921; x_wconf 85' lang='lat' dir='ltr'><strong>praete-</strong></span> 
     </span>
     <span class='ocr_line' id='line_1_10' title="bbox 336 922 1691 988; baseline 0.005 -19"><span class='ocrx_word' id='word_1_72' title='bbox 336 928 413 970; x_wconf 90' lang='lat' dir='ltr'><strong>rita</strong></span> <span class='ocrx_word' id='word_1_73' title='bbox 431 936 472 970; x_wconf 93' lang='lat' dir='ltr'><strong>et</strong></span> <span class='ocrx_word' id='word_1_74' title='bbox 486 927 626 970; x_wconf 82' lang='lat' dir='ltr'><strong>sutura</strong></span> <span class='ocrx_word' id='word_1_75' title='bbox 647 922 876 987; x_wconf 82' lang='lat' dir='ltr'><strong>cognoscit.</strong></span> <span class='ocrx_word' id='word_1_76' title='bbox 896 929 1044 973; x_wconf 84' lang='lat' dir='ltr'><strong>Sobria</strong></span> <span class='ocrx_word' id='word_1_77' title='bbox 1065 946 1163 988; x_wconf 83' lang='lat' dir='ltr'><strong>ergo</strong></span> <span class='ocrx_word' id='word_1_78' title='bbox 1181 940 1270 974; x_wconf 88' lang='lat' dir='ltr'><strong>erat</strong></span> <span class='ocrx_word' id='word_1_79' title='bbox 1285 948 1404 975; x_wconf 89' lang='lat' dir='ltr'><strong>mens</strong></span> <span class='ocrx_word' id='word_1_80' title='bbox 1421 933 1546 983; x_wconf 85' lang='lat' dir='ltr'><strong>Justi,</strong></span> <span class='ocrx_word' id='word_1_81' title='bbox 1565 932 1691 975; x_wconf 85' lang='lat' dir='ltr'><strong>etiam</strong></span> 
     </span>
     <span class='ocr_line' id='line_1_11' title="bbox 336 999 1694 1062; baseline 0.006 -23"><span class='ocrx_word' id='word_1_82' title='bbox 336 999 503 1055; x_wconf 87' lang='lat' dir='ltr'><strong>quando</strong></span> <span class='ocrx_word' id='word_1_83' title='bbox 543 999 658 1042; x_wconf 87' lang='lat' dir='ltr'><strong>ebria</strong></span> <span class='ocrx_word' id='word_1_84' title='bbox 688 1001 929 1059; x_wconf 88' lang='lat' dir='ltr'><strong>putabatur.</strong></span> <span class='ocrx_word' id='word_1_85' title='bbox 960 1002 1035 1043; x_wconf 90' lang='lat' dir='ltr'><strong>Est</strong></span> <span class='ocrx_word' id='word_1_86' title='bbox 1070 1002 1182 1044; x_wconf 89' lang='lat' dir='ltr'><strong>enim</strong></span> <span class='ocrx_word' id='word_1_87' title='bbox 1212 1005 1462 1061; x_wconf 83' lang='lat' dir='ltr'><strong>praeclarum</strong></span> <span class='ocrx_word' id='word_1_88' title='bbox 1491 1005 1694 1062; x_wconf 90' lang='lat' dir='ltr'><strong>poculum</strong></span> 
     </span>
     <span class='ocr_line' id='line_1_12' title="bbox 335 1068 1695 1131; baseline 0.005 -22"><span class='ocrx_word' id='word_1_89' title='bbox 335 1068 546 1111; x_wconf 87' lang='lat' dir='ltr'><strong>inebrians</strong></span> <span class='ocrx_word' id='word_1_90' title='bbox 557 1069 701 1126; x_wconf 91' lang='lat' dir='ltr'><strong>justos.</strong></span> <span class='ocrx_word' id='word_1_91' title='bbox 725 1071 799 1113; x_wconf 86' lang='lat' dir='ltr'><strong>Ille</strong></span> <span class='ocrx_word' id='word_1_92' title='bbox 822 1079 962 1113; x_wconf 88' lang='lat' dir='ltr'><strong>autem</strong></span> <span class='ocrx_word' id='word_1_93' title='bbox 983 1087 1080 1114; x_wconf 76' lang='lat' dir='ltr'><strong>vere</strong></span> <span class='ocrx_word' id='word_1_94' title='bbox 1092 1072 1321 1115; x_wconf 87' lang='lat' dir='ltr'><strong>inebriatus</strong></span> <span class='ocrx_word' id='word_1_95' title='bbox 1343 1081 1456 1122; x_wconf 89' lang='lat' dir='ltr'><strong>erat,</strong></span> <span class='ocrx_word' id='word_1_96' title='bbox 1485 1073 1556 1131; x_wconf 91' lang='lat' dir='ltr'><strong>qui</strong></span> <span class='ocrx_word' id='word_1_97' title='bbox 1576 1074 1695 1116; x_wconf 85' lang='lat' dir='ltr'><strong>ride-</strong></span> 
     </span>
     <span class='ocr_line' id='line_1_13' title="bbox 337 1142 1693 1203; baseline 0.003 -21"><span class='ocrx_word' id='word_1_98' title='bbox 337 1142 409 1183; x_wconf 82' lang='lat' dir='ltr'><strong>bat</strong></span> <span class='ocrx_word' id='word_1_99' title='bbox 429 1150 603 1198; x_wconf 89' lang='lat' dir='ltr'><strong>patrem.</strong></span> <span class='ocrx_word' id='word_1_100' title='bbox 627 1142 711 1194; x_wconf 91' lang='lat' dir='ltr'><strong>Qui</strong></span> <span class='ocrx_word' id='word_1_101' title='bbox 736 1142 850 1184; x_wconf 85' lang='lat' dir='ltr'><strong>euim</strong></span> <span class='ocrx_word' id='word_1_102' title='bbox 872 1159 1009 1200; x_wconf 88' lang='lat' dir='ltr'><strong>neque</strong></span> <span class='ocrx_word' id='word_1_103' title='bbox 1031 1145 1287 1200; x_wconf 70' lang='lat' dir='ltr'><strong>praeteritam</strong></span> <span class='ocrx_word' id='word_1_104' title='bbox 1300 1145 1579 1203; x_wconf 80' lang='lat' dir='ltr'><strong>generationis</strong></span> <span class='ocrx_word' id='word_1_105' title='bbox 1597 1161 1693 1203; x_wconf 83' lang='lat' dir='ltr'><strong>gra-</strong></span> 
     </span>
     <span class='ocr_line' id='line_1_14' title="bbox 338 1210 1692 1271; baseline 0.004 -21"><span class='ocrx_word' id='word_1_106' title='bbox 338 1210 438 1253; x_wconf 86' lang='lat' dir='ltr'><strong>tiam</strong></span> <span class='ocrx_word' id='word_1_107' title='bbox 454 1242 465 1258; x_wconf 86' lang='lat'><strong><em>,</em></strong></span> <span class='ocrx_word' id='word_1_108' title='bbox 489 1226 625 1267; x_wconf 89' lang='lat' dir='ltr'><strong>neque</strong></span> <span class='ocrx_word' id='word_1_109' title='bbox 646 1221 896 1268; x_wconf 80' lang='lat' dir='ltr'><strong>praesentem</strong></span> <span class='ocrx_word' id='word_1_110' title='bbox 927 1214 1205 1255; x_wconf 76' lang='lat' dir='ltr'><strong>reverentiam</strong></span> <span class='ocrx_word' id='word_1_111' title='bbox 1230 1215 1381 1271; x_wconf 87' lang='lat' dir='ltr'><strong>patris,</strong></span> <span class='ocrx_word' id='word_1_112' title='bbox 1410 1230 1545 1271; x_wconf 86' lang='lat' dir='ltr'><strong>neque</strong></span> <span class='ocrx_word' id='word_1_113' title='bbox 1576 1215 1692 1256; x_wconf 89' lang='lat' dir='ltr'><strong>futu—</strong></span> 
     </span>
    </p>
   </div>
   <div class='ocr_carea' id='block_1_3' title="bbox 337 1280 1691 1339">
    <p class='ocr_par' dir='ltr' id='par_1_4' title="bbox 337 1280 1691 1339">
     <span class='ocr_line' id='line_1_15' title="bbox 337 1280 1691 1339; baseline 0.004 -19"><span class='ocrx_word' id='word_1_114' title='bbox 337 1294 427 1320; x_wconf 88' lang='lat' dir='ltr'><strong>ram</strong></span> <span class='ocrx_word' id='word_1_115' title='bbox 459 1295 629 1337; x_wconf 82' lang='lat' dir='ltr'><strong>poenam</strong></span> <span class='ocrx_word' id='word_1_116' title='bbox 665 1289 851 1339; x_wconf 83' lang='lat' dir='ltr'><strong>paternae</strong></span> <span class='ocrx_word' id='word_1_117' title='bbox 883 1280 1046 1338; x_wconf 81' lang='lat' dir='ltr'><strong>injuriae</strong></span> <span class='ocrx_word' id='word_1_118' title='bbox 1077 1283 1390 1333; x_wconf 85' lang='lat' dir='ltr'><strong>considerabat,</strong></span> <span class='ocrx_word' id='word_1_119' title='bbox 1424 1299 1520 1326; x_wconf 68' lang='lat' dir='ltr'><strong>vere</strong></span> <span class='ocrx_word' id='word_1_120' title='bbox 1551 1284 1691 1326; x_wconf 88' lang='lat' dir='ltr'><strong>ebrius</strong></span> 
     </span>
    </p>
   </div>
   <div class='ocr_carea' id='block_1_4' title="bbox 333 1351 1690 2253">
    <p class='ocr_par' dir='ltr' id='par_1_5' title="bbox 333 1351 1690 2179">
     <span class='ocr_line' id='line_1_16' title="bbox 337 1351 1690 1409; baseline 0.004 -18"><span class='ocrx_word' id='word_1_121' title='bbox 337 1358 449 1399; x_wconf 86' lang='lat' dir='ltr'><strong>erat,</strong></span> <span class='ocrx_word' id='word_1_122' title='bbox 468 1358 510 1392; x_wconf 89' lang='lat' dir='ltr'><strong>et</strong></span> <span class='ocrx_word' id='word_1_123' title='bbox 528 1352 642 1408; x_wconf 86' lang='lat' dir='ltr'><strong>quod</strong></span> <span class='ocrx_word' id='word_1_124' title='bbox 662 1351 839 1409; x_wconf 88' lang='lat' dir='ltr'><strong>putabat</strong></span> <span class='ocrx_word' id='word_1_125' title='bbox 863 1352 1005 1403; x_wconf 82' lang='lat' dir='ltr'><strong>videre</strong></span> <span class='ocrx_word' id='word_1_126' title='bbox 1027 1368 1070 1394; x_wconf 85' lang='lat' dir='ltr'><strong>se</strong></span> <span class='ocrx_word' id='word_1_127' title='bbox 1084 1385 1096 1402; x_wconf 85' lang='lat'><strong><em>,</em></strong></span> <span class='ocrx_word' id='word_1_128' title='bbox 1127 1368 1212 1395; x_wconf 88' lang='lat' dir='ltr'><strong>non</strong></span> <span class='ocrx_word' id='word_1_129' title='bbox 1235 1353 1415 1396; x_wconf 87' lang='lat' dir='ltr'><strong>videbat.</strong></span> <span class='ocrx_word' id='word_1_130' title='bbox 1442 1353 1543 1396; x_wconf 86' lang='lat' dir='ltr'><strong>Erat</strong></span> <span class='ocrx_word' id='word_1_131' title='bbox 1562 1354 1604 1396; x_wconf 90' lang='lat' dir='ltr'><strong>in</strong></span> <span class='ocrx_word' id='word_1_132' title='bbox 1620 1355 1690 1397; x_wconf 88' lang='lat' dir='ltr'><strong>illo</strong></span> 
     </span>
     <span class='ocr_line' id='line_1_17' title="bbox 335 1420 1690 1481; baseline 0.004 -20"><span class='ocrx_word' id='word_1_133' title='bbox 335 1420 544 1477; x_wconf 84' lang='lat' dir='ltr'><strong>profunda</strong></span> <span class='ocrx_word' id='word_1_134' title='bbox 564 1422 750 1471; x_wconf 83' lang='lat' dir='ltr'><strong>caecitas,</strong></span> <span class='ocrx_word' id='word_1_135' title='bbox 776 1422 846 1478; x_wconf 90' lang='lat' dir='ltr'><strong>qui</strong></span> <span class='ocrx_word' id='word_1_136' title='bbox 863 1431 1025 1479; x_wconf 86' lang='lat' dir='ltr'><strong>patrem</strong></span> <span class='ocrx_word' id='word_1_137' title='bbox 1046 1423 1186 1465; x_wconf 84' lang='lat' dir='ltr'><strong>videre</strong></span> <span class='ocrx_word' id='word_1_138' title='bbox 1210 1438 1294 1466; x_wconf 88' lang='lat' dir='ltr'><strong>non</strong></span> <span class='ocrx_word' id='word_1_139' title='bbox 1325 1432 1501 1481; x_wconf 87' lang='lat' dir='ltr'><strong>poterat.</strong></span> <span class='ocrx_word' id='word_1_140' title='bbox 1529 1424 1634 1466; x_wconf 87' lang='lat' dir='ltr'><strong>Nam</strong></span> <span class='ocrx_word' id='word_1_141' title='bbox 1658 1425 1690 1466; x_wconf 91' lang='lat' dir='ltr'><strong>si</strong></span> 
     </span>
     <span class='ocr_line' id='line_1_18' title="bbox 334 1490 1687 1550; baseline 0.001 -18"><span class='ocrx_word' id='word_1_142' title='bbox 334 1490 504 1533; x_wconf 87' lang='lat' dir='ltr'><strong>vidisset</strong></span> <span class='ocrx_word' id='word_1_143' title='bbox 519 1500 681 1548; x_wconf 88' lang='lat' dir='ltr'><strong>patrem</strong></span> <span class='ocrx_word' id='word_1_144' title='bbox 695 1525 705 1541; x_wconf 90' lang='lat'>‚</span> <span class='ocrx_word' id='word_1_145' title='bbox 729 1507 814 1533; x_wconf 89' lang='lat' dir='ltr'><strong>non</strong></span> <span class='ocrx_word' id='word_1_146' title='bbox 831 1492 976 1549; x_wconf 90' lang='lat' dir='ltr'><strong>utique</strong></span> <span class='ocrx_word' id='word_1_147' title='bbox 993 1492 1160 1536; x_wconf 87' lang='lat' dir='ltr'><strong>risisset.</strong></span> <span class='ocrx_word' id='word_1_148' title='bbox 1186 1493 1330 1550; x_wconf 88' lang='lat' dir='ltr'><strong>Neque</strong></span> <span class='ocrx_word' id='word_1_149' title='bbox 1346 1494 1458 1535; x_wconf 90' lang='lat' dir='ltr'><strong>enim</strong></span> <span class='ocrx_word' id='word_1_150' title='bbox 1471 1494 1687 1542; x_wconf 88' lang='lat' dir='ltr'><strong>ridendus,</strong></span> 
     </span>
     <span class='ocr_line' id='line_1_19' title="bbox 334 1562 1688 1621; baseline 0.003 -20"><span class='ocrx_word' id='word_1_151' title='bbox 334 1562 407 1602; x_wconf 86' lang='lat' dir='ltr'><strong>sed</strong></span> <span class='ocrx_word' id='word_1_152' title='bbox 424 1563 633 1603; x_wconf 81' lang='lat' dir='ltr'><strong>verendus</strong></span> <span class='ocrx_word' id='word_1_153' title='bbox 654 1570 716 1604; x_wconf 86' lang='lat' dir='ltr'><strong>est</strong></span> <span class='ocrx_word' id='word_1_154' title='bbox 736 1570 866 1620; x_wconf 88' lang='lat' dir='ltr'><strong>pater.</strong></span> <span class='ocrx_word' id='word_1_155' title='bbox 883 1563 1013 1606; x_wconf 90' lang='lat' dir='ltr'><strong>Multo</strong></span> <span class='ocrx_word' id='word_1_156' title='bbox 1030 1571 1169 1604; x_wconf 88' lang='lat' dir='ltr'><strong>autem</strong></span> <span class='ocrx_word' id='word_1_157' title='bbox 1188 1563 1365 1621; x_wconf 86' lang='lat' dir='ltr'><strong>amplius</strong></span> <span class='ocrx_word' id='word_1_158' title='bbox 1377 1572 1563 1605; x_wconf 88' lang='lat' dir='ltr'><strong>mentem</strong></span> <span class='ocrx_word' id='word_1_159' title='bbox 1579 1562 1688 1605; x_wconf 62' lang='lat' dir='ltr'><strong>&lt;Iusti</strong></span> 
     </span>
     <span class='ocr_line' id='line_1_20' title="bbox 335 1630 1688 1691; baseline 0.003 -20"><span class='ocrx_word' id='word_1_160' title='bbox 335 1630 532 1688; x_wconf 89' lang='lat' dir='ltr'><strong>insipiens</strong></span> <span class='ocrx_word' id='word_1_161' title='bbox 549 1631 690 1674; x_wconf 83' lang='lat' dir='ltr'><strong>videre</strong></span> <span class='ocrx_word' id='word_1_162' title='bbox 713 1648 798 1674; x_wconf 89' lang='lat' dir='ltr'><strong>non</strong></span> <span class='ocrx_word' id='word_1_163' title='bbox 819 1642 995 1691; x_wconf 87' lang='lat' dir='ltr'><strong>poterat.</strong></span> <span class='ocrx_word' id='word_1_164' title='bbox 1019 1634 1244 1685; x_wconf 85' lang='lat' dir='ltr'><strong>Quomodo</strong></span> <span class='ocrx_word' id='word_1_165' title='bbox 1268 1633 1380 1675; x_wconf 86' lang='lat' dir='ltr'><strong>enim</strong></span> <span class='ocrx_word' id='word_1_166' title='bbox 1406 1633 1598 1682; x_wconf 82' lang='lat' dir='ltr'><strong>videbat,</strong></span> <span class='ocrx_word' id='word_1_167' title='bbox 1616 1634 1688 1690; x_wconf 87' lang='lat' dir='ltr'><strong>qui</strong></span> 
     </span>
     <span class='ocr_line' id='line_1_21' title="bbox 333 1701 1688 1761; baseline 0.001 -18"><span class='ocrx_word' id='word_1_168' title='bbox 333 1701 377 1743; x_wconf 90' lang='lat' dir='ltr'><strong>in</strong></span> <span class='ocrx_word' id='word_1_169' title='bbox 399 1716 449 1744; x_wconf 94' lang='lat' dir='ltr'><strong>eo</strong></span> <span class='ocrx_word' id='word_1_170' title='bbox 472 1703 647 1760; x_wconf 87' lang='lat' dir='ltr'><strong>putabat</strong></span> <span class='ocrx_word' id='word_1_171' title='bbox 672 1702 885 1745; x_wconf 86' lang='lat' dir='ltr'><strong>ebrietatis</strong></span> <span class='ocrx_word' id='word_1_172' title='bbox 918 1718 1105 1745; x_wconf 86' lang='lat' dir='ltr'><strong>errorem</strong></span> <span class='ocrx_word' id='word_1_173' title='bbox 1120 1736 1131 1752; x_wconf 84' lang='lat'>‚</span> <span class='ocrx_word' id='word_1_174' title='bbox 1168 1704 1240 1745; x_wconf 86' lang='lat' dir='ltr'><strong>ubi</strong></span> <span class='ocrx_word' id='word_1_175' title='bbox 1263 1712 1352 1746; x_wconf 85' lang='lat' dir='ltr'><strong>erat</strong></span> <span class='ocrx_word' id='word_1_176' title='bbox 1380 1703 1590 1761; x_wconf 86' lang='lat' dir='ltr'><strong>perfectus</strong></span> <span class='ocrx_word' id='word_1_177' title='bbox 1622 1719 1688 1745; x_wconf 87' lang='lat' dir='ltr'><strong>sa-</strong></span> 
     </span>
     <span class='ocr_line' id='line_1_22' title="bbox 333 1772 1682 1831; baseline 0.001 -18"><span class='ocrx_word' id='word_1_178' title='bbox 333 1772 499 1829; x_wconf 65' lang='lat' dir='ltr'><strong>pientiae</strong></span> <span class='ocrx_word' id='word_1_179' title='bbox 517 1780 848 1829; x_wconf 83' lang='lat' dir='ltr'><strong>caeterarumque</strong></span> <span class='ocrx_word' id='word_1_180' title='bbox 862 1773 1064 1815; x_wconf 70' lang='lat' dir='ltr'><strong>virtutum</strong></span> <span class='ocrx_word' id='word_1_181' title='bbox 1077 1772 1360 1831; x_wconf 70' lang='lat' dir='ltr'><strong>vapor?Sicut</strong></span> <span class='ocrx_word' id='word_1_182' title='bbox 1375 1773 1579 1831; x_wconf 87' lang='lat' dir='ltr'><strong>scriptum</strong></span> <span class='ocrx_word' id='word_1_183' title='bbox 1598 1782 1682 1815; x_wconf 89' lang='lat' dir='ltr'><strong>est:</strong></span> 
     </span>
     <span class='ocr_line' id='line_1_23' title="bbox 344 1842 1686 1902; baseline 0.002 -19"><span class='ocrx_word' id='word_1_184' title='bbox 344 1842 510 1899; x_wconf 74' lang='lat' dir='ltr'><strong>«Vapor</strong></span> <span class='ocrx_word' id='word_1_185' title='bbox 532 1851 594 1885; x_wconf 84' lang='lat' dir='ltr'><strong>est</strong></span> <span class='ocrx_word' id='word_1_186' title='bbox 615 1843 726 1885; x_wconf 88' lang='lat' dir='ltr'><strong>enim</strong></span> <span class='ocrx_word' id='word_1_187' title='bbox 748 1843 911 1886; x_wconf 84' lang='lat' dir='ltr'><strong>virtutis</strong></span> <span class='ocrx_word' id='word_1_188' title='bbox 933 1842 1042 1886; x_wconf 70' lang='lat' dir='ltr'><strong>Dei3.</strong></span> <span class='ocrx_word' id='word_1_189' title='bbox 1058 1862 1073 1883; x_wconf 93' lang='lat'>»</span> <span class='ocrx_word' id='word_1_190' title='bbox 1089 1844 1269 1895; x_wconf 84' lang='lat' dir='ltr'><strong>Quando</strong></span> <span class='ocrx_word' id='word_1_191' title='bbox 1292 1844 1404 1886; x_wconf 86' lang='lat' dir='ltr'><strong>enim</strong></span> <span class='ocrx_word' id='word_1_192' title='bbox 1420 1858 1538 1885; x_wconf 89' lang='lat' dir='ltr'><strong>mens</strong></span> <span class='ocrx_word' id='word_1_193' title='bbox 1556 1844 1686 1902; x_wconf 83' lang='lat' dir='ltr'><strong>magis</strong></span> 
     </span>
     <span class='ocr_line' id='line_1_24' title="bbox 333 1913 1683 1969; baseline 0 -15"><span class='ocrx_word' id='word_1_194' title='bbox 333 1913 472 1955; x_wconf 89' lang='lat' dir='ltr'><strong>sobria</strong></span> <span class='ocrx_word' id='word_1_195' title='bbox 494 1921 577 1961; x_wconf 86' lang='lat' dir='ltr'><strong>est,</strong></span> <span class='ocrx_word' id='word_1_196' title='bbox 602 1928 727 1969; x_wconf 87' lang='lat' dir='ltr'><strong>quam</strong></span> <span class='ocrx_word' id='word_1_197' title='bbox 756 1921 857 1954; x_wconf 86' lang='lat' dir='ltr'><strong>tunc</strong></span> <span class='ocrx_word' id='word_1_198' title='bbox 883 1914 1050 1969; x_wconf 89' lang='lat' dir='ltr'><strong>quando</strong></span> <span class='ocrx_word' id='word_1_199' title='bbox 1082 1921 1276 1954; x_wconf 87' lang='lat' dir='ltr'><strong>naturam</strong></span> <span class='ocrx_word' id='word_1_200' title='bbox 1307 1913 1496 1954; x_wconf 89' lang='lat' dir='ltr'><strong>omnium</strong></span> <span class='ocrx_word' id='word_1_201' title='bbox 1518 1928 1683 1961; x_wconf 77' lang='lat' dir='ltr'><strong>rerum,</strong></span> 
     </span>
     <span class='ocr_line' id='line_1_25' title="bbox 333 1982 1685 2040; baseline 0 -15"><span class='ocrx_word' id='word_1_202' title='bbox 333 1991 656 2040; x_wconf 83' lang='lat' dir='ltr'><strong>temporumque</strong></span> <span class='ocrx_word' id='word_1_203' title='bbox 685 1983 953 2040; x_wconf 56' lang='lat' dir='ltr'><strong>praesentium</strong></span> <span class='ocrx_word' id='word_1_204' title='bbox 984 1991 1026 2024; x_wconf 90' lang='lat' dir='ltr'><strong>et</strong></span> <span class='ocrx_word' id='word_1_205' title='bbox 1057 1982 1296 2025; x_wconf 86' lang='lat' dir='ltr'><strong>futurorum</strong></span> <span class='ocrx_word' id='word_1_206' title='bbox 1331 1983 1387 2025; x_wconf 89' lang='lat' dir='ltr'><strong>ita</strong></span> <span class='ocrx_word' id='word_1_207' title='bbox 1419 1991 1578 2040; x_wconf 86' lang='lat' dir='ltr'><strong>spectat</strong></span> <span class='ocrx_word' id='word_1_208' title='bbox 1610 1998 1685 2025; x_wconf 91' lang='lat' dir='ltr'><strong>ne-</strong></span> 
     </span>
     <span class='ocr_line' id='line_1_26' title="bbox 334 2051 1686 2110; baseline 0 -16"><span class='ocrx_word' id='word_1_209' title='bbox 334 2052 466 2109; x_wconf 80' lang='lat' dir='ltr'><strong>gotia,</strong></span> <span class='ocrx_word' id='word_1_210' title='bbox 488 2061 536 2095; x_wconf 89' lang='lat' dir='ltr'><strong>ut</strong></span> <span class='ocrx_word' id='word_1_211' title='bbox 562 2054 675 2095; x_wconf 90' lang='lat' dir='ltr'><strong>nulla</strong></span> <span class='ocrx_word' id='word_1_212' title='bbox 698 2052 741 2094; x_wconf 91' lang='lat' dir='ltr'><strong>in</strong></span> <span class='ocrx_word' id='word_1_213' title='bbox 773 2067 824 2095; x_wconf 94' lang='lat' dir='ltr'><strong>eo</strong></span> <span class='ocrx_word' id='word_1_214' title='bbox 852 2052 1093 2110; x_wconf 82' lang='lat' dir='ltr'><strong>temporalis</strong></span> <span class='ocrx_word' id='word_1_215' title='bbox 1116 2052 1338 2096; x_wconf 80' lang='lat' dir='ltr'><strong>titubantia</strong></span> <span class='ocrx_word' id='word_1_216' title='bbox 1365 2051 1579 2094; x_wconf 88' lang='lat' dir='ltr'><strong>ebrietatis</strong></span> <span class='ocrx_word' id='word_1_217' title='bbox 1611 2067 1686 2109; x_wconf 85' lang='lat' dir='ltr'><strong>ap—</strong></span> 
     </span>
     <span class='ocr_line' id='line_1_27' title="bbox 333 2121 513 2179; baseline -0.006 -15"><span class='ocrx_word' id='word_1_218' title='bbox 333 2130 478 2179; x_wconf 86' lang='lat' dir='ltr'><strong>pareat</strong></span> <span class='ocrx_word' id='word_1_219' title='bbox 495 2121 513 2163; x_wconf 71' lang='lat' dir='ltr'>P</span> 
     </span>
    </p>

    <p class='ocr_par' dir='ltr' id='par_1_6' title="bbox 396 2192 1683 2253">
     <span class='ocr_line' id='line_1_28' title="bbox 396 2192 1683 2253; baseline -0.004 -15"><span class='ocrx_word' id='word_1_220' title='bbox 396 2194 549 2238; x_wconf 80' lang='lat' dir='ltr'>CXIX.</span> <span class='ocrx_word' id='word_1_221' title='bbox 586 2196 739 2248; x_wconf 69' lang='lat' dir='ltr'><strong>Quaero</strong></span> <span class='ocrx_word' id='word_1_222' title='bbox 780 2196 905 2238; x_wconf 89' lang='lat' dir='ltr'><strong>etiam</strong></span> <span class='ocrx_word' id='word_1_223' title='bbox 934 2211 1015 2253; x_wconf 86' lang='lat' dir='ltr'><strong>qua</strong></span> <span class='ocrx_word' id='word_1_224' title='bbox 1049 2196 1209 2237; x_wconf 89' lang='lat' dir='ltr'><strong>ratione</strong></span> <span class='ocrx_word' id='word_1_225' title='bbox 1243 2210 1341 2238; x_wconf 88' lang='lat' dir='ltr'><strong>cum</strong></span> <span class='ocrx_word' id='word_1_226' title='bbox 1372 2203 1467 2237; x_wconf 84' lang='lat' dir='ltr'><strong>ante</strong></span> <span class='ocrx_word' id='word_1_227' title='bbox 1497 2192 1683 2236; x_wconf 87' lang='lat' dir='ltr'><strong>medium</strong></span> 
     </span>
    </p>
   </div>
   <div class='ocr_carea' id='block_1_5' title="bbox 338 2263 1735 2322">
    <p class='ocr_par' dir='ltr' id='par_1_7' title="bbox 338 2263 1735 2322">
     <span class='ocr_line' id='line_1_29' title="bbox 338 2263 1735 2322; baseline -0.001 -16"><span class='ocrx_word' id='word_1_228' title='bbox 338 2265 486 2307; x_wconf 84' lang='lat' dir='ltr'><strong>dixerit</strong></span> <span class='ocrx_word' id='word_1_229' title='bbox 517 2267 627 2308; x_wconf 89' lang='lat' dir='ltr'><strong>inter</strong></span> <span class='ocrx_word' id='word_1_230' title='bbox 654 2266 761 2309; x_wconf 87' lang='lat' dir='ltr'><strong>filios</strong></span> <span class='ocrx_word' id='word_1_231' title='bbox 792 2266 951 2317; x_wconf 84' lang='lat' dir='ltr'><strong>Cham,</strong></span> <span class='ocrx_word' id='word_1_232' title='bbox 978 2281 1092 2308; x_wconf 89' lang='lat' dir='ltr'><strong>nunc</strong></span> <span class='ocrx_word' id='word_1_233' title='bbox 1112 2265 1323 2322; x_wconf 86' lang='lat' dir='ltr'><strong>juniorem</strong></span> <span class='ocrx_word' id='word_1_234' title='bbox 1347 2265 1584 2308; x_wconf 84' lang='lat' dir='ltr'><strong>constituat.</strong></span> <span class='ocrx_word' id='word_1_235' title='bbox 1613 2263 1681 2306; x_wconf 87' lang='lat' dir='ltr'><strong>Sic</strong></span> <span class='ocrx_word' id='word_1_236' title='bbox 1734 2278 1735 2281; x_wconf 72' lang='grc'>’</span> 
     </span>
    </p>
   </div>
   <div class='ocr_carea' id='block_1_6' title="bbox 331 2335 1681 2604">
    <p class='ocr_par' dir='ltr' id='par_1_8' title="bbox 331 2335 1681 2604">
     <span class='ocr_line' id='line_1_30' title="bbox 335 2335 1681 2395; baseline -0.001 -15"><span class='ocrx_word' id='word_1_237' title='bbox 335 2338 446 2380; x_wconf 84' lang='lat' dir='ltr'><strong>enim</strong></span> <span class='ocrx_word' id='word_1_238' title='bbox 459 2339 660 2395; x_wconf 80' lang='lat' dir='ltr'><strong>scriptun]</strong></span> <span class='ocrx_word' id='word_1_239' title='bbox 680 2347 743 2380; x_wconf 87' lang='lat' dir='ltr'><strong>est</strong></span> <span class='ocrx_word' id='word_1_240' title='bbox 762 2354 771 2380; x_wconf 93' lang='lat'><strong>:</strong></span> <span class='ocrx_word' id='word_1_241' title='bbox 789 2356 803 2376; x_wconf 88' lang='lat'>«</span> <span class='ocrx_word' id='word_1_242' title='bbox 820 2337 1022 2395; x_wconf 74' lang='lat' dir='ltr'><strong>Cognovit</strong></span> <span class='ocrx_word' id='word_1_243' title='bbox 1038 2337 1126 2380; x_wconf 63' lang='lat' dir='ltr'><strong>Noe?</strong></span> <span class='ocrx_word' id='word_1_244' title='bbox 1143 2338 1280 2379; x_wconf 86' lang='lat' dir='ltr'><strong>omnia</strong></span> <span class='ocrx_word' id='word_1_245' title='bbox 1297 2353 1387 2394; x_wconf 85' lang='lat' dir='ltr'><strong>quae</strong></span> <span class='ocrx_word' id='word_1_246' title='bbox 1404 2337 1503 2379; x_wconf 86' lang='lat' dir='ltr'><strong>fecit</strong></span> <span class='ocrx_word' id='word_1_247' title='bbox 1517 2336 1555 2379; x_wconf 89' lang='lat' dir='ltr'><strong>ei</strong></span> <span class='ocrx_word' id='word_1_248' title='bbox 1572 2335 1681 2378; x_wconf 87' lang='lat' dir='ltr'><strong>filius</strong></span> 
     </span>
     <span class='ocr_line' id='line_1_31' title="bbox 333 2404 1679 2465; baseline 0 -19"><span class='ocrx_word' id='word_1_249' title='bbox 333 2405 540 2464; x_wconf 61' lang='lat' dir='ltr'><strong>))j[11]iol¹l⁴.</strong></span> <span class='ocrx_word' id='word_1_250' title='bbox 557 2408 802 2465; x_wconf 77' lang='lat' dir='ltr'><strong>»Numquid</strong></span> <span class='ocrx_word' id='word_1_251' title='bbox 823 2416 916 2450; x_wconf 84' lang='lat' dir='ltr'><strong>ante</strong></span> <span class='ocrx_word' id='word_1_252' title='bbox 938 2407 1151 2464; x_wconf 83' lang='lat' dir='ltr'><strong>Scriptura</strong></span> <span class='ocrx_word' id='word_1_253' title='bbox 1175 2408 1215 2448; x_wconf 88' lang='lat' dir='ltr'><strong>in</strong></span> <span class='ocrx_word' id='word_1_254' title='bbox 1234 2408 1380 2449; x_wconf 88' lang='lat' dir='ltr'><strong>ordine</strong></span> <span class='ocrx_word' id='word_1_255' title='bbox 1402 2404 1679 2465; x_wconf 79' lang='lat' dir='ltr'><strong>generationis</strong></span> 
     </span>
     <span class='ocr_line' id='line_1_32' title="bbox 331 2475 1677 2536; baseline -0.002 -16"><span class='ocrx_word' id='word_1_256' title='bbox 331 2479 512 2522; x_wconf 74' lang='lat' dir='ltr'><strong>erravit?</strong></span> <span class='ocrx_word' id='word_1_257' title='bbox 534 2479 628 2525; x_wconf 89' lang='lat' dir='ltr'><strong>Non</strong></span> <span class='ocrx_word' id='word_1_258' title='bbox 651 2480 810 2536; x_wconf 85' lang='lat' dir='ltr'><strong>utique.</strong></span> <span class='ocrx_word' id='word_1_259' title='bbox 843 2478 957 2529; x_wconf 86' lang='lat' dir='ltr'><strong>Quid</strong></span> <span class='ocrx_word' id='word_1_260' title='bbox 982 2476 1111 2535; x_wconf 74' lang='lat' dir='ltr'><strong>ergo?</strong></span> <span class='ocrx_word' id='word_1_261' title='bbox 1143 2477 1359 2519; x_wconf 86' lang='lat' dir='ltr'><strong>Contraria</strong></span> <span class='ocrx_word' id='word_1_262' title='bbox 1387 2492 1499 2519; x_wconf 88' lang='lat' dir='ltr'><strong>nuuc</strong></span> <span class='ocrx_word' id='word_1_263' title='bbox 1525 2475 1677 2532; x_wconf 85' lang='lat' dir='ltr'><strong>scripta</strong></span> 
     </span>
     <span class='ocr_line' id='line_1_33' title="bbox 331 2545 1675 2604; baseline -0.005 -10"><span class='ocrx_word' id='word_1_264' title='bbox 331 2549 558 2594; x_wconf 59' lang='lat' dir='ltr'><strong>sammon</strong></span> <span class='ocrx_word' id='word_1_265' title='bbox 576 2550 766 2591; x_wconf 87' lang='lat' dir='ltr'><strong>arbitror.</strong></span> <span class='ocrx_word' id='word_1_266' title='bbox 790 2548 1013 2600; x_wconf 88' lang='lat' dir='ltr'><strong>Quomodo</strong></span> <span class='ocrx_word' id='word_1_267' title='bbox 1032 2547 1156 2604; x_wconf 78' lang='lat' dir='ltr'><strong>igitur</strong></span> <span class='ocrx_word' id='word_1_268' title='bbox 1173 2546 1361 2597; x_wconf 73' lang='lat' dir='ltr'><strong>solvitur,</strong></span> <span class='ocrx_word' id='word_1_269' title='bbox 1379 2545 1675 2603; x_wconf 87' lang='lat' dir='ltr'><strong>nisijuniorem</strong></span> 
     </span>
    </p>
   </div>
   <div class='ocr_carea' id='block_1_7' title="bbox 375 2634 1609 2687">
    <p class='ocr_par' dir='ltr' id='par_1_9' title="bbox 375 2634 1609 2687">
     <span class='ocr_line' id='line_1_34' title="bbox 375 2634 1609 2687; baseline -0.004 -12"><span class='ocrx_word' id='word_1_270' title='bbox 375 2646 383 2663; x_wconf 87' lang='lat'>¹</span> <span class='ocrx_word' id='word_1_271' title='bbox 405 2640 488 2675; x_wconf 73' lang='lat' dir='ltr'><strong>Psal.</strong></span> <span class='ocrx_word' id='word_1_272' title='bbox 507 2650 599 2682; x_wconf 68' lang='lat' dir='ltr'>xxxx,</span> <span class='ocrx_word' id='word_1_273' title='bbox 622 2650 650 2672; x_wconf 86' lang='lat'><strong>1.</strong></span> <span class='ocrx_word' id='word_1_274' title='bbox 663 2657 703 2665; x_wconf 89' lang='lat'>—</span> <span class='ocrx_word' id='word_1_275' title='bbox 719 2649 731 2663; x_wconf 84' lang='lat'><em>2</em></span> <span class='ocrx_word' id='word_1_276' title='bbox 751 2639 833 2673; x_wconf 88' lang='lat' dir='ltr'><strong>Gen.</strong></span> <span class='ocrx_word' id='word_1_277' title='bbox 853 2649 900 2680; x_wconf 76' lang='lat' dir='ltr'><strong>lx,</strong></span> <span class='ocrx_word' id='word_1_278' title='bbox 919 2637 970 2677; x_wconf 76' lang='lat'><strong>24·</strong></span> <span class='ocrx_word' id='word_1_279' title='bbox 985 2655 1025 2687; x_wconf 60' lang='lat' dir='ltr'><strong>——f</strong></span> <span class='ocrx_word' id='word_1_280' title='bbox 1039 2638 1055 2662; x_wconf 77' lang='grc'><strong><em>3</em></strong></span> <span class='ocrx_word' id='word_1_281' title='bbox 1070 2637 1147 2681; x_wconf 83' lang='lat' dir='ltr'><strong>Sap.</strong></span> <span class='ocrx_word' id='word_1_282' title='bbox 1159 2647 1221 2676; x_wconf 80' lang='lat' dir='ltr'><strong>vn,</strong></span> <span class='ocrx_word' id='word_1_283' title='bbox 1242 2637 1292 2686; x_wconf 48' lang='grc' dir='ltr'><strong>25ξ</strong></span> <span class='ocrx_word' id='word_1_284' title='bbox 1309 2653 1350 2686; x_wconf 53' lang='lat'><strong>-7</strong></span> <span class='ocrx_word' id='word_1_285' title='bbox 1366 2639 1380 2680; x_wconf 56' lang='lat' dir='ltr'><strong>ff</strong></span> <span class='ocrx_word' id='word_1_286' title='bbox 1396 2636 1479 2685; x_wconf 78' lang='lat' dir='ltr'><strong>Gen.</strong></span> <span class='ocrx_word' id='word_1_287' title='bbox 1494 2646 1542 2675; x_wconf 72' lang='lat' dir='ltr'><strong>ix,</strong></span> <span class='ocrx_word' id='word_1_288' title='bbox 1555 2634 1609 2672; x_wconf 76' lang='lat'><strong>24·</strong></span> 
     </span>
    </p>
   </div>
  </div>
 </body>
</html>
