<?xml version="1.0" encoding="UTF-8"?>
<!DOCTYPE html PUBLIC "-//W3C//DTD XHTML 1.0 Transitional//EN"
    "http://www.w3.org/TR/xhtml1/DTD/xhtml1-transitional.dtd">
<html xmlns="http://www.w3.org/1999/xhtml" xml:lang="en" lang="en">
 <head>
  <title>
</title>
<meta http-equiv="Content-Type" content="text/html;charset=utf-8" />
  <meta name='ocr-system' content='tesseract 3.04.00' />
  <meta name='ocr-capabilities' content='ocr_page ocr_carea ocr_par ocr_line ocrx_word'/>
</head>
<body>
  <div class='ocr_page' id='page_1' title='image "./omniaequaeextant01ambruoft_0611.png"; bbox 0 0 1742 3233; ppageno 0'>
   <div class='ocr_carea' id='block_1_1' title="bbox 442 231 1364 294">
    <p class='ocr_par' dir='ltr' id='par_1_1' title="bbox 442 231 1364 294">
     <span class='ocr_line' id='line_1_1' title="bbox 442 231 1364 294; baseline 0.002 -21"><span class='ocrx_word' id='word_1_1' title='bbox 442 245 494 274; x_wconf 77' lang='lat' dir='ltr'>m:</span> <span class='ocrx_word' id='word_1_2' title='bbox 530 243 735 273; x_wconf 67' lang='lat' dir='ltr'>Aramum.</span> <span class='ocrx_word' id='word_1_3' title='bbox 775 243 853 272; x_wconf 77' lang='lat' dir='ltr'>Lm.</span> <span class='ocrx_word' id='word_1_4' title='bbox 892 245 934 274; x_wconf 88' lang='lat'>11.</span> <span class='ocrx_word' id='word_1_5' title='bbox 1282 231 1364 294; x_wconf 83' lang='lat'>577</span> 
     </span>
    </p>
   </div>
   <div class='ocr_carea' id='block_1_2' title="bbox 24 321 1384 941">
    <p class='ocr_par' dir='ltr' id='par_1_2' title="bbox 24 321 1371 524">
     <span class='ocr_line' id='line_1_2' title="bbox 25 321 1370 382; baseline -0.001 -15"><span class='ocrx_word' id='word_1_6' title='bbox 25 324 114 367; x_wconf 79' lang='lat' dir='ltr'>talis</span> <span class='ocrx_word' id='word_1_7' title='bbox 138 323 372 366; x_wconf 80' lang='lat' dir='ltr'>ubertatem</span> <span class='ocrx_word' id='word_1_8' title='bbox 400 322 563 380; x_wconf 78' lang='lat' dir='ltr'>gratiae,</span> <span class='ocrx_word' id='word_1_9' title='bbox 586 336 669 379; x_wconf 90' lang='lat' dir='ltr'>quo</span> <span class='ocrx_word' id='word_1_10' title='bbox 689 321 919 364; x_wconf 81' lang='lat' dir='ltr'>exuberent</span> <span class='ocrx_word' id='word_1_11' title='bbox 945 338 954 364; x_wconf 70' lang='grc' dir='ltr'><strong><em>ε</em></strong></span> <span class='ocrx_word' id='word_1_12' title='bbox 992 323 1045 365; x_wconf 85' lang='lat' dir='ltr'>ita</span> <span class='ocrx_word' id='word_1_13' title='bbox 1082 323 1370 382; x_wconf 83' lang='lat' dir='ltr'>intemperan-</span> 
     </span>
     <span class='ocr_line' id='line_1_3' title="bbox 24 393 1371 451; baseline -0.001 -14"><span class='ocrx_word' id='word_1_14' title='bbox 24 396 79 437; x_wconf 85' lang='lat' dir='ltr'>tia</span> <span class='ocrx_word' id='word_1_15' title='bbox 101 395 192 437; x_wconf 86' lang='lat' dir='ltr'>sons</span> <span class='ocrx_word' id='word_1_16' title='bbox 214 394 384 450; x_wconf 86' lang='lat' dir='ltr'>quidam</span> <span class='ocrx_word' id='word_1_17' title='bbox 410 401 472 435; x_wconf 87' lang='lat' dir='ltr'>est</span> <span class='ocrx_word' id='word_1_18' title='bbox 498 393 736 451; x_wconf 80' lang='lat' dir='ltr'>passionum</span> <span class='ocrx_word' id='word_1_19' title='bbox 762 393 1068 451; x_wconf 86' lang='lat' dir='ltr'>corporalium,</span> <span class='ocrx_word' id='word_1_20' title='bbox 1098 408 1180 451; x_wconf 92' lang='lat' dir='ltr'>quo</span> <span class='ocrx_word' id='word_1_21' title='bbox 1204 395 1371 437; x_wconf 87' lang='lat' dir='ltr'>aluntur</span> 
     </span>
     <span class='ocr_line' id='line_1_4' title="bbox 25 466 244 524; baseline -0.005 -15"><span class='ocrx_word' id='word_1_22' title='bbox 25 466 244 524; x_wconf 85' lang='lat' dir='ltr'>superflua.</span> 
     </span>
    </p>

    <p class='ocr_par' dir='ltr' id='par_1_3' title="bbox 27 533 1384 941">
     <span class='ocr_line' id='line_1_5' title="bbox 83 533 1374 592; baseline -0.003 -12"><span class='ocrx_word' id='word_1_23' title='bbox 83 536 260 580; x_wconf 83' lang='lat' dir='ltr'><strong>XXXV.</strong></span> <span class='ocrx_word' id='word_1_24' title='bbox 299 534 479 577; x_wconf 90' lang='lat' dir='ltr'>Pulchre</span> <span class='ocrx_word' id='word_1_25' title='bbox 516 542 655 576; x_wconf 86' lang='lat' dir='ltr'>autem</span> <span class='ocrx_word' id='word_1_26' title='bbox 696 533 752 576; x_wconf 83' lang='lat' dir='ltr'>ait</span> <span class='ocrx_word' id='word_1_27' title='bbox 786 533 1000 592; x_wconf 78' lang='lat' dir='ltr'>Scriptura</span> <span class='ocrx_word' id='word_1_28' title='bbox 1032 549 1041 575; x_wconf 78' lang='grc' dir='ltr'><strong><em>ε</em></strong></span> <span class='ocrx_word' id='word_1_29' title='bbox 1083 552 1097 572; x_wconf 77' lang='grc' dir='ltr'>α</span> <span class='ocrx_word' id='word_1_30' title='bbox 1122 534 1256 592; x_wconf 79' lang='lat' dir='ltr'><strong>Elegit</strong></span> <span class='ocrx_word' id='word_1_31' title='bbox 1297 535 1374 577; x_wconf 85' lang='lat' dir='ltr'>sibi</span> 
     </span>
     <span class='ocr_line' id='line_1_6' title="bbox 31 603 1377 662; baseline -0.001 -17"><span class='ocrx_word' id='word_1_32' title='bbox 31 604 187 654; x_wconf 84' lang='lat' dir='ltr'>»Lot¹,</span> <span class='ocrx_word' id='word_1_33' title='bbox 206 623 221 644; x_wconf 89' lang='lat'>»</span> <span class='ocrx_word' id='word_1_34' title='bbox 247 605 328 647; x_wconf 92' lang='lat' dir='ltr'>hoc</span> <span class='ocrx_word' id='word_1_35' title='bbox 353 612 435 653; x_wconf 90' lang='lat' dir='ltr'>est,</span> <span class='ocrx_word' id='word_1_36' title='bbox 472 603 720 653; x_wconf 85' lang='lat' dir='ltr'>declinati03</span> <span class='ocrx_word' id='word_1_37' title='bbox 749 604 845 660; x_wconf 89' lang='lat' dir='ltr'>quia</span> <span class='ocrx_word' id='word_1_38' title='bbox 871 604 1009 662; x_wconf 85' lang='lat' dir='ltr'><strong>posuit</strong></span> <span class='ocrx_word' id='word_1_39' title='bbox 1034 604 1146 646; x_wconf 91' lang='lat' dir='ltr'>Deus</span> <span class='ocrx_word' id='word_1_40' title='bbox 1178 612 1272 646; x_wconf 87' lang='lat' dir='ltr'>ante</span> <span class='ocrx_word' id='word_1_41' title='bbox 1300 619 1377 645; x_wconf 83' lang='lat' dir='ltr'>nos</span> 
     </span>
     <span class='ocr_line' id='line_1_7' title="bbox 27 673 1379 732; baseline -0.001 -15"><span class='ocrx_word' id='word_1_42' title='bbox 27 676 186 717; x_wconf 90' lang='lat' dir='ltr'>bonum</span> <span class='ocrx_word' id='word_1_43' title='bbox 214 682 256 716; x_wconf 84' lang='lat' dir='ltr'>et</span> <span class='ocrx_word' id='word_1_44' title='bbox 275 675 457 723; x_wconf 86' lang='lat' dir='ltr'>malum,</span> <span class='ocrx_word' id='word_1_45' title='bbox 481 682 530 716; x_wconf 86' lang='lat' dir='ltr'>ut</span> <span class='ocrx_word' id='word_1_46' title='bbox 553 673 840 731; x_wconf 87' lang='lat' dir='ltr'>unusquisque</span> <span class='ocrx_word' id='word_1_47' title='bbox 865 674 990 732; x_wconf 81' lang='lat' dir='ltr'>eligat</span> <span class='ocrx_word' id='word_1_48' title='bbox 1012 674 1125 731; x_wconf 89' lang='lat' dir='ltr'>quod</span> <span class='ocrx_word' id='word_1_49' title='bbox 1148 674 1258 716; x_wconf 73' lang='lat' dir='ltr'>velit.</span> <span class='ocrx_word' id='word_1_50' title='bbox 1286 673 1379 716; x_wconf 89' lang='lat' dir='ltr'>Non</span> 
     </span>
     <span class='ocr_line' id='line_1_8' title="bbox 28 744 1381 802; baseline -0.001 -16"><span class='ocrx_word' id='word_1_51' title='bbox 28 746 228 802; x_wconf 78' lang='lat' dir='ltr'>eligamus</span> <span class='ocrx_word' id='word_1_52' title='bbox 252 759 351 802; x_wconf 83' lang='lat' dir='ltr'>ergo</span> <span class='ocrx_word' id='word_1_53' title='bbox 379 745 491 801; x_wconf 90' lang='lat' dir='ltr'>quod</span> <span class='ocrx_word' id='word_1_54' title='bbox 520 744 657 802; x_wconf 89' lang='lat' dir='ltr'>specie</span> <span class='ocrx_word' id='word_1_55' title='bbox 676 744 867 787; x_wconf 85' lang='lat' dir='ltr'>videatur</span> <span class='ocrx_word' id='word_1_56' title='bbox 892 745 1138 801; x_wconf 84' lang='lat' dir='ltr'>jucundius,</span> <span class='ocrx_word' id='word_1_57' title='bbox 1169 744 1242 787; x_wconf 85' lang='lat' dir='ltr'>sed</span> <span class='ocrx_word' id='word_1_58' title='bbox 1269 744 1381 800; x_wconf 82' lang='lat' dir='ltr'>quod</span> 
     </span>
     <span class='ocr_line' id='line_1_9' title="bbox 28 813 1383 872; baseline -0.001 -16"><span class='ocrx_word' id='word_1_59' title='bbox 28 814 203 857; x_wconf 85' lang='lat' dir='ltr'>veritate</span> <span class='ocrx_word' id='word_1_60' title='bbox 227 822 415 872; x_wconf 86' lang='lat' dir='ltr'>praestet;</span> <span class='ocrx_word' id='word_1_61' title='bbox 440 829 493 856; x_wconf 91' lang='lat' dir='ltr'>ne</span> <span class='ocrx_word' id='word_1_62' title='bbox 517 828 614 855; x_wconf 88' lang='lat' dir='ltr'>cum</span> <span class='ocrx_word' id='word_1_63' title='bbox 632 813 683 856; x_wconf 85' lang='lat' dir='ltr'>sit</span> <span class='ocrx_word' id='word_1_64' title='bbox 700 815 818 857; x_wconf 90' lang='lat' dir='ltr'>nobis</span> <span class='ocrx_word' id='word_1_65' title='bbox 838 815 993 857; x_wconf 82' lang='lat' dir='ltr'>tributa</span> <span class='ocrx_word' id='word_1_66' title='bbox 1012 814 1127 872; x_wconf 84' lang='lat' dir='ltr'>optio</span> <span class='ocrx_word' id='word_1_67' title='bbox 1140 847 1151 863; x_wconf 91' lang='lat'>,</span> <span class='ocrx_word' id='word_1_68' title='bbox 1170 821 1218 855; x_wconf 91' lang='lat' dir='ltr'>ut</span> <span class='ocrx_word' id='word_1_69' title='bbox 1240 828 1383 870; x_wconf 88' lang='lat' dir='ltr'>sequa-</span> 
     </span>
     <span class='ocr_line' id='line_1_10' title="bbox 30 883 1384 941; baseline 0 -17"><span class='ocrx_word' id='word_1_70' title='bbox 30 898 125 925; x_wconf 88' lang='lat' dir='ltr'>mur</span> <span class='ocrx_word' id='word_1_71' title='bbox 147 884 309 941; x_wconf 88' lang='lat' dir='ltr'>potiora</span> <span class='ocrx_word' id='word_1_72' title='bbox 323 918 334 934; x_wconf 90' lang='lat'>‚</span> <span class='ocrx_word' id='word_1_73' title='bbox 362 885 547 927; x_wconf 84' lang='lat' dir='ltr'>levemus</span> <span class='ocrx_word' id='word_1_74' title='bbox 577 886 722 926; x_wconf 89' lang='lat' dir='ltr'>oculos</span> <span class='ocrx_word' id='word_1_75' title='bbox 750 884 890 927; x_wconf 89' lang='lat' dir='ltr'>inssexi</span> <span class='ocrx_word' id='word_1_76' title='bbox 910 885 1011 929; x_wconf 82' lang='lat' dir='ltr'>falso</span> <span class='ocrx_word' id='word_1_77' title='bbox 1036 883 1287 926; x_wconf 80' lang='lat' dir='ltr'>amoenitatis</span> <span class='ocrx_word' id='word_1_78' title='bbox 1309 884 1384 924; x_wconf 85' lang='lat' dir='ltr'>‹le—</span> 
     </span>
    </p>
   </div>
   <div class='ocr_carea' id='block_1_3' title="bbox 31 953 1385 1066">
    <p class='ocr_par' dir='ltr' id='par_1_4' title="bbox 31 953 1385 1066">
     <span class='ocr_line' id='line_1_11' title="bbox 31 953 1385 998; baseline 0 -4"><span class='ocrx_word' id='word_1_79' title='bbox 31 967 155 995; x_wconf 87' lang='lat' dir='ltr'>core:</span> <span class='ocrx_word' id='word_1_80' title='bbox 197 954 416 996; x_wconf 88' lang='lat' dir='ltr'>veritatem</span> <span class='ocrx_word' id='word_1_81' title='bbox 447 962 586 996; x_wconf 90' lang='lat' dir='ltr'>autem</span> <span class='ocrx_word' id='word_1_82' title='bbox 624 962 784 997; x_wconf 82' lang='lat' dir='ltr'>naturae</span> <span class='ocrx_word' id='word_1_83' title='bbox 814 956 928 998; x_wconf 88' lang='lat' dir='ltr'>velut</span> <span class='ocrx_word' id='word_1_84' title='bbox 966 953 1135 997; x_wconf 79' lang='lat' dir='ltr'>deflexis</span> <span class='ocrx_word' id='word_1_85' title='bbox 1167 953 1385 995; x_wconf 75' lang='lat' dir='ltr'>obtutibus</span> 
     </span>
     <span class='ocr_line' id='line_1_12' title="bbox 34 1023 351 1066; baseline 0.003 -2"><span class='ocrx_word' id='word_1_86' title='bbox 34 1023 351 1066; x_wconf 83' lang='lat' dir='ltr'>obumbremus.</span> 
     </span>
    </p>
   </div>
   <div class='ocr_carea' id='block_1_4' title="bbox 33 1092 1436 2274">
    <p class='ocr_par' dir='ltr' id='par_1_5' title="bbox 33 1092 1436 2274">
     <span class='ocr_line' id='line_1_13' title="bbox 91 1092 1389 1145; baseline -0.003 -9"><span class='ocrx_word' id='word_1_87' title='bbox 91 1092 293 1136; x_wconf 82' lang='lat' dir='ltr'>XXXVI.</span> <span class='ocrx_word' id='word_1_88' title='bbox 331 1094 457 1145; x_wconf 82' lang='lat' dir='ltr'>Quod</span> <span class='ocrx_word' id='word_1_89' title='bbox 475 1102 614 1135; x_wconf 88' lang='lat' dir='ltr'>autem</span> <span class='ocrx_word' id='word_1_90' title='bbox 631 1093 825 1135; x_wconf 88' lang='lat' dir='ltr'>homines</span> <span class='ocrx_word' id='word_1_91' title='bbox 844 1093 885 1136; x_wconf 90' lang='lat' dir='ltr'>in</span> <span class='ocrx_word' id='word_1_92' title='bbox 907 1092 1102 1136; x_wconf 78' lang='lat' dir='ltr'>Sodomis</span> <span class='ocrx_word' id='word_1_93' title='bbox 1129 1092 1224 1135; x_wconf 84' lang='lat' dir='ltr'>saevi</span> <span class='ocrx_word' id='word_1_94' title='bbox 1248 1099 1389 1139; x_wconf 86' lang='lat' dir='ltr'>erant,</span> 
     </span>
     <span class='ocr_line' id='line_1_14' title="bbox 33 1162 1392 1221; baseline -0.001 -17"><span class='ocrx_word' id='word_1_95' title='bbox 33 1171 78 1204; x_wconf 88' lang='lat' dir='ltr'>et</span> <span class='ocrx_word' id='word_1_96' title='bbox 103 1172 347 1220; x_wconf 82' lang='lat' dir='ltr'>peccatores</span> <span class='ocrx_word' id='word_1_97' title='bbox 365 1163 407 1204; x_wconf 92' lang='lat' dir='ltr'>in</span> <span class='ocrx_word' id='word_1_98' title='bbox 431 1171 659 1221; x_wconf 88' lang='lat' dir='ltr'>conspectu</span> <span class='ocrx_word' id='word_1_99' title='bbox 680 1163 849 1206; x_wconf 86' lang='lat' dir='ltr'>Domini</span> <span class='ocrx_word' id='word_1_100' title='bbox 871 1163 1036 1213; x_wconf 77' lang='lat' dir='ltr'>valde2,</span> <span class='ocrx_word' id='word_1_101' title='bbox 1061 1178 1146 1205; x_wconf 89' lang='lat' dir='ltr'>non</span> <span class='ocrx_word' id='word_1_102' title='bbox 1167 1162 1392 1205; x_wconf 88' lang='lat' dir='ltr'>mediocris</span> 
     </span>
     <span class='ocr_line' id='line_1_15' title="bbox 34 1233 1393 1291; baseline -0.001 -16"><span class='ocrx_word' id='word_1_103' title='bbox 34 1233 106 1275; x_wconf 90' lang='lat' dir='ltr'>hic</span> <span class='ocrx_word' id='word_1_104' title='bbox 128 1242 190 1276; x_wconf 84' lang='lat' dir='ltr'>est</span> <span class='ocrx_word' id='word_1_105' title='bbox 214 1234 470 1282; x_wconf 80' lang='lat' dir='ltr'>oeconomia,</span> <span class='ocrx_word' id='word_1_106' title='bbox 493 1242 541 1276; x_wconf 90' lang='lat' dir='ltr'>ut</span> <span class='ocrx_word' id='word_1_107' title='bbox 561 1235 748 1276; x_wconf 82' lang='lat' dir='ltr'>advertas</span> <span class='ocrx_word' id='word_1_108' title='bbox 770 1234 917 1276; x_wconf 90' lang='lat' dir='ltr'>mitem</span> <span class='ocrx_word' id='word_1_109' title='bbox 942 1234 1080 1276; x_wconf 90' lang='lat' dir='ltr'>Deum</span> <span class='ocrx_word' id='word_1_110' title='bbox 1103 1233 1216 1291; x_wconf 85' lang='lat' dir='ltr'>gravi</span> <span class='ocrx_word' id='word_1_111' title='bbox 1238 1246 1393 1290; x_wconf 84' lang='lat' dir='ltr'>pecca—</span> 
     </span>
     <span class='ocr_line' id='line_1_16' title="bbox 36 1301 1392 1353; baseline -0.002 -8"><span class='ocrx_word' id='word_1_112' title='bbox 36 1311 180 1347; x_wconf 88' lang='lat' dir='ltr'>torum</span> <span class='ocrx_word' id='word_1_113' title='bbox 216 1304 377 1346; x_wconf 86' lang='lat' dir='ltr'>moveri</span> <span class='ocrx_word' id='word_1_114' title='bbox 406 1304 631 1346; x_wconf 82' lang='lat' dir='ltr'>acerbitate</span> <span class='ocrx_word' id='word_1_115' title='bbox 657 1304 709 1346; x_wconf 87' lang='lat' dir='ltr'>ad</span> <span class='ocrx_word' id='word_1_116' title='bbox 736 1304 1053 1353; x_wconf 82' lang='lat' dir='ltr'>ulciscendum,</span> <span class='ocrx_word' id='word_1_117' title='bbox 1079 1319 1156 1347; x_wconf 90' lang='lat' dir='ltr'>nec</span> <span class='ocrx_word' id='word_1_118' title='bbox 1183 1301 1392 1344; x_wconf 80' lang='lat' dir='ltr'>immerito</span> 
     </span>
     <span class='ocr_line' id='line_1_17' title="bbox 36 1373 1393 1433; baseline -0.003 -16"><span class='ocrx_word' id='word_1_119' title='bbox 36 1392 126 1417; x_wconf 90' lang='lat' dir='ltr'>non</span> <span class='ocrx_word' id='word_1_120' title='bbox 150 1376 336 1433; x_wconf 88' lang='lat' dir='ltr'>potuisse</span> <span class='ocrx_word' id='word_1_121' title='bbox 357 1391 528 1418; x_wconf 86' lang='lat' dir='ltr'>exorare</span> <span class='ocrx_word' id='word_1_122' title='bbox 547 1375 760 1417; x_wconf 83' lang='lat' dir='ltr'>Abraham</span> <span class='ocrx_word' id='word_1_123' title='bbox 783 1375 1066 1417; x_wconf 89' lang='lat' dir='ltr'>Sodomitanis</span> <span class='ocrx_word' id='word_1_124' title='bbox 1082 1374 1248 1416; x_wconf 86' lang='lat' dir='ltr'>veniam</span> <span class='ocrx_word' id='word_1_125' title='bbox 1262 1407 1273 1422; x_wconf 95' lang='lat'>‚</span> <span class='ocrx_word' id='word_1_126' title='bbox 1299 1373 1393 1429; x_wconf 89' lang='lat' dir='ltr'>quia</span> 
     </span>
     <span class='ocr_line' id='line_1_18' title="bbox 39 1444 1392 1504; baseline -0.003 -16"><span class='ocrx_word' id='word_1_127' title='bbox 39 1462 166 1504; x_wconf 84' lang='lat' dir='ltr'>supra</span> <span class='ocrx_word' id='word_1_128' title='bbox 183 1447 358 1488; x_wconf 86' lang='lat' dir='ltr'>modum</span> <span class='ocrx_word' id='word_1_129' title='bbox 376 1445 567 1503; x_wconf 83' lang='lat' dir='ltr'>flagitiosi</span> <span class='ocrx_word' id='word_1_130' title='bbox 584 1453 715 1489; x_wconf 84' lang='lat' dir='ltr'>erant.</span> <span class='ocrx_word' id='word_1_131' title='bbox 735 1445 929 1502; x_wconf 88' lang='lat' dir='ltr'>Plerique</span> <span class='ocrx_word' id='word_1_132' title='bbox 946 1453 1043 1495; x_wconf 88' lang='lat' dir='ltr'>sunt</span> <span class='ocrx_word' id='word_1_133' title='bbox 1059 1459 1140 1501; x_wconf 91' lang='lat' dir='ltr'>quo</span> <span class='ocrx_word' id='word_1_134' title='bbox 1154 1444 1392 1501; x_wconf 87' lang='lat' dir='ltr'>nequiores,</span> 
     </span>
     <span class='ocr_line' id='line_1_19' title="bbox 39 1512 1436 1573; baseline -0.004 -14"><span class='ocrx_word' id='word_1_135' title='bbox 39 1533 88 1559; x_wconf 91' lang='lat' dir='ltr'>eo</span> <span class='ocrx_word' id='word_1_136' title='bbox 113 1517 334 1566; x_wconf 86' lang='lat' dir='ltr'>tectiores,</span> <span class='ocrx_word' id='word_1_137' title='bbox 365 1517 436 1573; x_wconf 92' lang='lat' dir='ltr'>qui</span> <span class='ocrx_word' id='word_1_138' title='bbox 457 1515 676 1558; x_wconf 89' lang='lat' dir='ltr'>hominum</span> <span class='ocrx_word' id='word_1_139' title='bbox 704 1515 1016 1573; x_wconf 82' lang='lat' dir='ltr'>subterfugiunt</span> <span class='ocrx_word' id='word_1_140' title='bbox 1032 1514 1297 1572; x_wconf 82' lang='lat' dir='ltr'>indaginem,</span> <span class='ocrx_word' id='word_1_141' title='bbox 1322 1512 1395 1554; x_wconf 87' lang='lat' dir='ltr'>ubi</span> <span class='ocrx_word' id='word_1_142' title='bbox 1434 1541 1436 1544; x_wconf 30' lang='grc' dir='ltr'><em>ψ</em></span> 
     </span>
     <span class='ocr_line' id='line_1_20' title="bbox 38 1582 1397 1644; baseline -0.004 -16"><span class='ocrx_word' id='word_1_143' title='bbox 38 1603 106 1630; x_wconf 88' lang='lat' dir='ltr'>res</span> <span class='ocrx_word' id='word_1_144' title='bbox 138 1588 228 1630; x_wconf 87' lang='lat' dir='ltr'>sine</span> <span class='ocrx_word' id='word_1_145' title='bbox 254 1587 409 1629; x_wconf 88' lang='lat' dir='ltr'>arbitro</span> <span class='ocrx_word' id='word_1_146' title='bbox 436 1594 654 1644; x_wconf 83' lang='lat' dir='ltr'>geruntur,</span> <span class='ocrx_word' id='word_1_147' title='bbox 680 1593 751 1627; x_wconf 85' lang='lat' dir='ltr'>aut</span> <span class='ocrx_word' id='word_1_148' title='bbox 771 1585 872 1627; x_wconf 83' lang='lat' dir='ltr'>falso</span> <span class='ocrx_word' id='word_1_149' title='bbox 896 1584 1136 1628; x_wconf 85' lang='lat' dir='ltr'>testimonio</span> <span class='ocrx_word' id='word_1_150' title='bbox 1155 1583 1290 1641; x_wconf 85' lang='lat' dir='ltr'>justus</span> <span class='ocrx_word' id='word_1_151' title='bbox 1313 1582 1397 1623; x_wconf 86' lang='lat' dir='ltr'>cir-</span> 
     </span>
     <span class='ocr_line' id='line_1_21' title="bbox 41 1651 1397 1712; baseline -0.005 -12"><span class='ocrx_word' id='word_1_152' title='bbox 41 1658 319 1700; x_wconf 86' lang='lat' dir='ltr'>cumvenitur.</span> <span class='ocrx_word' id='word_1_153' title='bbox 361 1657 501 1699; x_wconf 90' lang='lat' dir='ltr'>Manet</span> <span class='ocrx_word' id='word_1_154' title='bbox 538 1665 679 1698; x_wconf 87' lang='lat' dir='ltr'>tamen</span> <span class='ocrx_word' id='word_1_155' title='bbox 718 1664 812 1697; x_wconf 84' lang='lat' dir='ltr'>ante</span> <span class='ocrx_word' id='word_1_156' title='bbox 851 1656 988 1698; x_wconf 88' lang='lat' dir='ltr'>Deum</span> <span class='ocrx_word' id='word_1_157' title='bbox 1022 1655 1157 1712; x_wconf 87' lang='lat' dir='ltr'>justus</span> <span class='ocrx_word' id='word_1_158' title='bbox 1176 1687 1186 1703; x_wconf 92' lang='lat'><strong><em>,</em></strong></span> <span class='ocrx_word' id='word_1_159' title='bbox 1235 1651 1397 1695; x_wconf 77' lang='lat' dir='ltr'>etiamsi</span> 
     </span>
     <span class='ocr_line' id='line_1_22' title="bbox 47 1723 1398 1782; baseline -0.007 -10"><span class='ocrx_word' id='word_1_160' title='bbox 47 1732 355 1772; x_wconf 86' lang='lat' dir='ltr'>condemnetur</span> <span class='ocrx_word' id='word_1_161' title='bbox 385 1728 433 1770; x_wconf 91' lang='lat' dir='ltr'>ab</span> <span class='ocrx_word' id='word_1_162' title='bbox 461 1727 724 1775; x_wconf 81' lang='lat' dir='ltr'>hominibus3</span> <span class='ocrx_word' id='word_1_163' title='bbox 758 1725 854 1782; x_wconf 91' lang='lat' dir='ltr'>quia</span> <span class='ocrx_word' id='word_1_164' title='bbox 878 1725 990 1768; x_wconf 90' lang='lat' dir='ltr'>Deus</span> <span class='ocrx_word' id='word_1_165' title='bbox 1028 1740 1114 1767; x_wconf 89' lang='lat' dir='ltr'>non</span> <span class='ocrx_word' id='word_1_166' title='bbox 1142 1723 1398 1781; x_wconf 84' lang='lat' dir='ltr'>judiciorum</span> 
     </span>
     <span class='ocr_line' id='line_1_23' title="bbox 42 1791 1399 1852; baseline -0.007 -10"><span class='ocrx_word' id='word_1_167' title='bbox 42 1801 200 1849; x_wconf 82' lang='lat' dir='ltr'>exitus,</span> <span class='ocrx_word' id='word_1_168' title='bbox 226 1813 304 1840; x_wconf 88' lang='lat' dir='ltr'>nec</span> <span class='ocrx_word' id='word_1_169' title='bbox 329 1812 426 1839; x_wconf 90' lang='lat' dir='ltr'>cum</span> <span class='ocrx_word' id='word_1_170' title='bbox 447 1797 613 1839; x_wconf 81' lang='lat' dir='ltr'>intextis</span> <span class='ocrx_word' id='word_1_171' title='bbox 635 1795 831 1852; x_wconf 86' lang='lat' dir='ltr'>nequitiae</span> <span class='ocrx_word' id='word_1_172' title='bbox 847 1794 1097 1837; x_wconf 88' lang='lat' dir='ltr'>commentis</span> <span class='ocrx_word' id='word_1_173' title='bbox 1113 1792 1301 1850; x_wconf 79' lang='lat' dir='ltr'>nogotia,</span> <span class='ocrx_word' id='word_1_174' title='bbox 1325 1791 1399 1833; x_wconf 84' lang='lat' dir='ltr'>scd</span> 
     </span>
     <span class='ocr_line' id='line_1_24' title="bbox 49 1862 1400 1931; baseline -0.01 -18"><span class='ocrx_word' id='word_1_175' title='bbox 49 1872 209 1913; x_wconf 83' lang='lat' dir='ltr'>nudam</span> <span class='ocrx_word' id='word_1_176' title='bbox 242 1875 402 1931; x_wconf 84' lang='lat' dir='ltr'>spectat</span> <span class='ocrx_word' id='word_1_177' title='bbox 431 1866 695 1924; x_wconf 81' lang='lat' dir='ltr'>negotiorum</span> <span class='ocrx_word' id='word_1_178' title='bbox 721 1872 926 1906; x_wconf 82' lang='lat' dir='ltr'>naturam.</span> <span class='ocrx_word' id='word_1_179' title='bbox 966 1864 1014 1905; x_wconf 88' lang='lat' dir='ltr'>In</span> <span class='ocrx_word' id='word_1_180' title='bbox 1042 1862 1232 1904; x_wconf 86' lang='lat' dir='ltr'>examine</span> <span class='ocrx_word' id='word_1_181' title='bbox 1260 1869 1400 1902; x_wconf 84' lang='lat' dir='ltr'>autem</span> 
     </span>
     <span class='ocr_line' id='line_1_25' title="bbox 54 1928 1399 1994; baseline -0.009 -12"><span class='ocrx_word' id='word_1_182' title='bbox 54 1941 278 1983; x_wconf 87' lang='lat' dir='ltr'>hominum</span> <span class='ocrx_word' id='word_1_183' title='bbox 313 1938 423 1980; x_wconf 85' lang='lat' dir='ltr'>falsae</span> <span class='ocrx_word' id='word_1_184' title='bbox 451 1935 657 1994; x_wconf 86' lang='lat' dir='ltr'>opinionis</span> <span class='ocrx_word' id='word_1_185' title='bbox 686 1949 803 1994; x_wconf 79' lang='lat' dir='ltr'>eiror</span> <span class='ocrx_word' id='word_1_186' title='bbox 832 1935 1081 1990; x_wconf 89' lang='lat' dir='ltr'>plerumque</span> <span class='ocrx_word' id='word_1_187' title='bbox 1111 1930 1285 1973; x_wconf 90' lang='lat' dir='ltr'>obducit</span> <span class='ocrx_word' id='word_1_188' title='bbox 1315 1928 1399 1971; x_wconf 58' lang='lat' dir='ltr'>iim</span> 
     </span>
     <span class='ocr_line' id='line_1_26' title="bbox 44 1991 1401 2065; baseline -0.01 -11"><span class='ocrx_word' id='word_1_189' title='bbox 44 2011 247 2054; x_wconf 86' lang='lat' dir='ltr'>veritatis.</span> <span class='ocrx_word' id='word_1_190' title='bbox 267 2009 463 2065; x_wconf 83' lang='lat' dir='ltr'>Manebat</span> <span class='ocrx_word' id='word_1_191' title='bbox 479 2008 590 2064; x_wconf 88' lang='lat' dir='ltr'>apud</span> <span class='ocrx_word' id='word_1_192' title='bbox 599 2006 735 2048; x_wconf 78' lang='lat' dir='ltr'>Deum</span> <span class='ocrx_word' id='word_1_193' title='bbox 748 2003 938 2046; x_wconf 84' lang='lat' dir='ltr'>Susanna</span> <span class='ocrx_word' id='word_1_194' title='bbox 949 2002 1102 2060; x_wconf 82' lang='lat' dir='ltr'>pudlca</span> <span class='ocrx_word' id='word_1_195' title='bbox 1118 1991 1254 2049; x_wconf 78' lang='lat' dir='ltr'>valde,</span> <span class='ocrx_word' id='word_1_196' title='bbox 1274 2000 1401 2056; x_wconf 85' lang='lat' dir='ltr'>etiam</span> 
     </span>
     <span class='ocr_line' id='line_1_27' title="bbox 50 2055 1400 2131; baseline -0.01 -8"><span class='ocrx_word' id='word_1_197' title='bbox 50 2097 148 2123; x_wconf 86' lang='lat' dir='ltr'>cum</span> <span class='ocrx_word' id='word_1_198' title='bbox 181 2082 453 2123; x_wconf 82' lang='lat' dir='ltr'>damnaretur</span> <span class='ocrx_word' id='word_1_199' title='bbox 483 2075 696 2124; x_wconf 86' lang='lat' dir='ltr'>adulterii;</span> <span class='ocrx_word' id='word_1_200' title='bbox 729 2074 825 2131; x_wconf 86' lang='lat' dir='ltr'>quia</span> <span class='ocrx_word' id='word_1_201' title='bbox 850 2055 963 2129; x_wconf 76' lang='lat' dir='ltr'>Deus</span> <span class='ocrx_word' id='word_1_202' title='bbox 994 2087 1077 2114; x_wconf 91' lang='lat' dir='ltr'>non</span> <span class='ocrx_word' id='word_1_203' title='bbox 1103 2070 1400 2112; x_wconf 81' lang='lat' dir='ltr'>assertionibus</span> 
     </span>
     <span class='ocr_line' id='line_1_28' title="bbox 42 2141 1401 2196; baseline -0.01 -1"><span class='ocrx_word' id='word_1_204' title='bbox 42 2144 251 2196; x_wconf 69' lang='lat' dir='ltr'>&#39;salsorum</span> <span class='ocrx_word' id='word_1_205' title='bbox 295 2150 464 2192; x_wconf 86' lang='lat' dir='ltr'>testium</span> <span class='ocrx_word' id='word_1_206' title='bbox 499 2147 598 2189; x_wconf 87' lang='lat' dir='ltr'>facti</span> <span class='ocrx_word' id='word_1_207' title='bbox 637 2144 900 2188; x_wconf 84' lang='lat' dir='ltr'>examinabat</span> <span class='ocrx_word' id='word_1_208' title='bbox 932 2142 1062 2187; x_wconf 42' lang='lat' dir='ltr'>*fidem</span> <span class='ocrx_word' id='word_1_209' title='bbox 1083 2158 1092 2184; x_wconf 71' lang='grc' dir='ltr'><em>τ</em></span> <span class='ocrx_word' id='word_1_210' title='bbox 1134 2143 1206 2185; x_wconf 83' lang='lat' dir='ltr'>sed</span> <span class='ocrx_word' id='word_1_211' title='bbox 1246 2141 1401 2184; x_wconf 67' lang='lat' dir='ltr'>intimae</span> 
     </span>
     <span class='ocr_line' id='line_1_29' title="bbox 50 2215 831 2274; baseline -0.009 -9"><span class='ocrx_word' id='word_1_212' title='bbox 50 2220 349 2266; x_wconf 87' lang='lat' dir='ltr'>conscientiam</span> <span class='ocrx_word' id='word_1_213' title='bbox 367 2217 518 2261; x_wconf 80' lang='lat' dir='ltr'>mentis</span> <span class='ocrx_word' id='word_1_214' title='bbox 535 2215 831 2274; x_wconf 82' lang='lat' dir='ltr'>interrogabat.</span> 
     </span>
    </p>
   </div>
   <div class='ocr_carea' id='block_1_5' title="bbox 99 2307 619 2351">
    <p class='ocr_par' dir='ltr' id='par_1_6' title="bbox 99 2307 619 2351">
     <span class='ocr_line' id='line_1_30' title="bbox 99 2307 619 2351; baseline -0.006 -9"><span class='ocrx_word' id='word_1_215' title='bbox 99 2321 108 2336; x_wconf 80' lang='grc' dir='ltr'><strong>ι</strong></span> <span class='ocrx_word' id='word_1_216' title='bbox 128 2310 211 2346; x_wconf 85' lang='lat' dir='ltr'>Gen.</span> <span class='ocrx_word' id='word_1_217' title='bbox 227 2321 304 2350; x_wconf 82' lang='lat' dir='ltr'>xm,</span> <span class='ocrx_word' id='word_1_218' title='bbox 325 2319 423 2351; x_wconf 74' lang='grc' dir='ltr'>μ.-</span> <span class='ocrx_word' id='word_1_219' title='bbox 438 2319 450 2333; x_wconf 78' lang='lat'>2</span> <span class='ocrx_word' id='word_1_220' title='bbox 465 2307 551 2342; x_wconf 89' lang='lat' dir='ltr'>Ibid.</span> <span class='ocrx_word' id='word_1_221' title='bbox 570 2307 619 2340; x_wconf 74' lang='lat'>15.</span> 
     </span>
    </p>
   </div>
   <div class='ocr_carea' id='block_1_6' title="bbox 206 2622 1262 2687">
    <p class='ocr_par' dir='ltr' id='par_1_7' title="bbox 206 2622 1262 2687">
     <span class='ocr_line' id='line_1_31' title="bbox 206 2622 1262 2687; baseline -0.001 -1"><span class='ocrx_word' id='word_1_222' title='bbox 206 2653 283 2687; x_wconf 75' lang='lat' dir='ltr'>m.</span> <span class='ocrx_word' id='word_1_223' title='bbox 1207 2622 1262 2685; x_wconf 81' lang='lat'>37</span> 
     </span>
    </p>
   </div>
  </div>
 </body>
</html>
