1742 3233
302 234 389 276 300
849 246 879 273 s¹
918 245 1107 275 Amssaosu

355 322 573 367 XXXVII.
611 323 718 365 Item
746 322 890 380 accipe
920 337 928 364 ε
958 323 1051 366 Non
1087 322 1240 364 frustra
1274 320 1434 379 lignum
1473 320 1654 364 scientiae

302 393 400 436 boni
427 401 468 435 et
494 392 592 435 mali
617 392 874 449 productum
899 401 961 434 est
988 392 1186 449 in2n1edio
1204 391 1394 448 paradiso
1416 406 1425 432 z
1455 399 1497 434 et
1518 392 1549 434 si
1573 391 1661 434 cui-

300 478 481 519 cumque
512 462 673 504 homini
708 464 964 520 productum
1000 470 1123 511 esset,
1156 460 1364 518 superflua
1395 460 1651 503 interdictio.

297 532 381 573 Sed
403 547 538 588 neque
558 532 709 574 frustra
732 531 889 574 factum
910 540 987 579 est,
1013 546 1150 588 neque
1172 530 1255 579 alii,
1281 530 1359 572 nisi
1381 530 1543 572 homini
1566 530 1661 573 fac-

302 609 391 643 tum
418 609 495 649 est,
521 602 591 658 qui
613 603 860 643 mandatum
884 601 1069 659 accepit3
1107 608 1153 641 ut
1185 615 1270 642 non
1303 601 1390 641 solo
1419 615 1484 649 eo,
1515 601 1588 643 sed
1608 615 1661 643 eo

303 687 400 713 cum
434 672 594 713 caeteris
627 680 829 713 uteretur.
857 671 962 713 Nam
987 672 1019 712 si
1048 672 1180 712 multa
1204 670 1418 718 discutias,
1444 671 1663 727 complura

299 741 483 797 reperies
499 749 540 781 et
559 742 682 796 plane
703 740 940 788 innumera,
968 755 1059 796 quae
1072 741 1126 788 ei,
1142 740 1212 796 qui
1230 740 1291 781 uti
1312 739 1486 788 nesciat,
1505 740 1665 796 possint

301 823 467 850 nocere.
501 808 587 850 Nec
609 808 716 865 ipsas
747 809 909 850 divitias
943 809 1127 850 invenies
1155 809 1409 857 fructuosas,
1443 808 1476 850 si
1504 808 1664 850 hahens

299 877 412 919 dives
449 877 631 921 subsidia
661 877 877 935 largitatis,
913 886 1037 935 neget
1067 878 1264 920 alimenta
1287 879 1561 936 pauperibus,
1591 893 1666 919 ex-

304 948 447 989 cludat
465 948 632 1005 inopem
648 948 834 989 subsidio
853 948 1118 996 destitutum,
1137 948 1269 989 aliena
1286 956 1548 1004 extorqueat,
1569 947 1665 1003 quia

305 1018 506 1074 proevalet
538 1025 756 1074 potestate.
795 1016 1073 1059 Pulchritudo
1106 1017 1193 1074 ipsa
1220 1026 1262 1059 et
1288 1017 1444 1074 gratior
1478 1016 1666 1073 corporis

303 1088 435 1129 forma
452 1087 710 1144 frequentius
728 1087 770 1128 in
786 1087 948 1137 vitium,
969 1103 1096 1145 quam
1115 1088 1356 1130 deformitas
1378 1087 1520 1130 trahit.
1537 1087 1667 1129 Num-

304 1159 405 1215 quid
428 1157 553 1215 igitur
576 1157 797 1214 quisquam
821 1157 1108 1207 deformiores,
1130 1174 1255 1215 quam
1277 1158 1539 1216 pulchriores
1560 1156 1666 1199 filios

306 1228 462 1269 habere
485 1228 710 1275 desiderat,
735 1235 776 1268 et
800 1227 944 1285 inopes
961 1228 1100 1285 potius
1122 1228 1277 1272 liberos
1301 1243 1397 1270 suos
1422 1228 1539 1285 cupit
1559 1242 1664 1276 esse,

306 1312 433 1353 quam
455 1297 631 1338 divites?
656 1297 780 1338 Plura
807 1305 904 1339 suut
929 1297 1175 1354 hujusmodi
1203 1313 1294 1354 quae
1321 1312 1406 1339 non
1430 1299 1483 1339 ad
1509 1297 1667 1353 impru-

308 1367 492 1409 dentiam
527 1366 739 1424 largientis
773 1367 991 1409 referenda
1022 1376 1135 1416 sunt,
1177 1370 1250 1410 sed
1285 1369 1337 1409 ad
1372 1368 1481 1410 male
1513 1366 1666 1408 utentis

305 1452 503 1478 errorem.
542 1437 594 1479 Et
615 1436 708 1479 ideo
732 1444 922 1480 utentem
949 1438 1235 1481 accusandum
1262 1437 1400 1497 potius
1424 1452 1551 1495 quam
1587 1438 1664 1479 do—

309 1515 493 1550 nantem.

310 1675 353 1690 uA
357 1676 398 1691 tv»
406 1675 488 1691 mm
493 1675 624 1691 vwvvvvvv
628 1675 716 1692 ᾺΝΆΝ
720 1675 944 1691 mmmkurx
948 1675 991 1691 Μ
995 1676 1083 1692 vwvvv
1089 1675 1211 1692 mwwvw
1216 1676 1257 1692 Μ
1261 1674 1577 1692 ΝἫΜἉΝΜΜᾺΝᾺΝ
1582 1674 1669 1690 ἏΑΝᾺ

829 1812 1006 1857 CAPUT
1037 1812 1145 1856 VIII.

309 1983 555 2026 Solvuntur
575 1981 829 2036 quoestiones
853 1979 904 2021 dc
922 1977 1202 2036 proesoicntt‘a
1234 1978 1317 2020 Dei
1348 1977 1467 2018 circa
1496 1991 1671 2032 proeva-
1734 2033 1737 2042 Ι

366 2053 628 2095 ricationem
652 2050 781 2098 Adoe,
808 2060 847 2091 et
870 2050 1125 2107 opinoinem
1153 2048 1255 2089 boni
1275 2059 1314 2090 et
1337 2048 1447 2090 mali
1464 2046 1672 2089 humanis
1734 2051 1742 2099 ξ]

367 2122 584 2166 ‘mentibus
607 2121 826 2163 divinitus
850 2120 1123 2176 impressam.
1740 2116 1742 2123 ’

369 2282 611 2328 XXXVIII.
648 2282 808 2323 ITERUM
843 2279 1050 2336 quaestio:
1093 2277 1263 2320 Sciebat
1298 2275 1673 2335 praevaricaturum

311 2355 424 2397 Deus
451 2352 587 2395 Adam
613 2352 812 2393 mandata
835 2365 924 2399 sua,
945 2365 996 2391 an
1014 2347 1256 2390 nesciebat?
1273 2347 1316 2389 Si
1334 2347 1563 2395 nesciebat,
1588 2361 1674 2387 non
1735 2359 1742 2398 g

312 2433 375 2466 est
398 2424 475 2466 ista
499 2422 648 2465 divinae
671 2420 888 2479 potestatis
911 2419 1081 2462 assertio
1102 2434 1111 2459 :
1142 2418 1175 2460 si
1198 2426 1338 2459 autem
1359 2416 1533 2465 sciebat,
1552 2424 1594 2458 et
1616 2415 1675 2458 ni-
1734 2405 1738 2434 ἓ

309 2493 543 2536 hilominus
576 2491 711 2534 sciens
744 2490 990 2549 negligenda
1004 2487 1232 2536 mandavit,
1248 2502 1333 2530 non
1349 2494 1412 2529 est
1425 2485 1501 2529 Dei
1519 2484 1674 2542 aliquid

310 2563 573 2622 superfluum
600 2562 841 2622 praecipere.
869 2559 1140 2619 Superssuum
1157 2566 1297 2602 autem
1314 2555 1513 2616 praecepit
1532 2563 1673 2615 proto-
