1742 3233
480 283 532 311 DE
567 280 774 310 Amnum.
813 281 890 309 Lm.
932 283 959 309 1.
1311 267 1390 312 521

49 361 214 418 quanda
242 374 369 402 onera
400 368 518 410 sunt,
551 369 622 402 aut
641 361 869 416 aequandus
890 359 1033 403 labor?
1054 361 1114 403 Ita
1131 361 1257 419 igitur
1271 375 1381 405 nove

49 431 104 473 ris
126 430 190 473 his
213 430 513 488 perfectionem
544 431 875 473 circumcisionis
905 447 993 473 esse
1025 441 1249 480 servatam,
1282 433 1352 490 qui
1376 449 1397 476 a

50 500 214 542 Christo
230 500 427 549 instituti,
452 501 732 543 validioribus
755 501 892 542 idonei
919 501 1179 551 viderentur3
1196 511 1243 544 ut
1258 502 1400 545 fideles

47 571 352 627 probarentur,
380 585 559 626 quorum
588 570 814 613 multitudo
843 570 1061 611 innumera
1088 586 1257 613 crucem
1283 574 1396 614 tolle-

47 648 128 690 ret,
152 655 353 696 suamque
371 655 448 696 pro
476 639 642 682 Christo
666 640 848 682 animam
871 641 1112 688 devoveret,
1131 650 1172 682 et
1189 642 1395 684 increduli

47 725 133 756 non
156 719 324 767 possent
348 709 558 758 resistere,
586 709 656 766 qui
683 710 725 750 in
747 709 873 751 totius
898 710 1083 767 corporis
1109 709 1395 753 immolatione

47 780 175 837 quaeri
199 782 374 822 salutem
396 787 613 837 putarent,
646 780 714 836 qui
736 780 932 837 exiguum
963 780 1290 822 circumcisionis
1311 796 1396 823 suae

18 874 20 876 ·
46 850 290 906 sanguinem
313 851 536 892 salutarem
560 849 876 891 arbitrarentur.

101 919 265 962 XXXI.
286 911 652 961 Considerandum
665 928 804 960 autem
816 918 981 974 quodin
995 918 1196 975 praeputio
1213 919 1394 975 positum

44 989 207 1031 vocavit
224 989 336 1031 Deus
350 1022 360 1039 ‚
379 990 421 1031 in
443 989 646 1047 praeputio
666 989 804 1031 adhuc
821 988 1006 1030 manenti
1022 988 1192 1044 legitimi
1211 988 1282 1030 filii
1299 1004 1392 1045 pro-

43 1058 168 1100 missa
193 1067 255 1101 est
276 1060 516 1108 haereditas3
545 1068 593 1101 ut
614 1074 698 1100 non
718 1047 963 1100 Judaeorum
988 1066 1151 1100 tantum
1171 1059 1296 1099 modo
1318 1073 1394 1114 pa—

44 1136 151 1170 trem
166 1161 177 1177 ,
203 1137 248 1170 ut
266 1129 343 1187 ipsi
367 1137 576 1177 asserunt,
597 1130 669 1169 sed
686 1128 876 1169 omnium
899 1127 1161 1169 credentium
1184 1134 1395 1170 auctorem

42 1215 118 1257 per
139 1198 266 1240 fidem
289 1201 446 1241 credas.
472 1198 572 1241 Sara
590 1214 755 1254 quoque
784 1198 894 1255 (38),
915 1206 1008 1239 ante
1027 1197 1391 1240 circumcisionem

42 1269 118 1310 viri
148 1268 191 1310 in
212 1268 335 1311 unius
365 1269 513 1310 litterae
549 1268 783 1324 adjectione
813 1283 898 1309 non
920 1267 1121 1309 mediocri
1149 1283 1392 1310 remunera-

43 1338 155 1380 tione
173 1339 458 1387 benedicitur,
482 1346 529 1380 ut
551 1339 834 1396 principatum
861 1338 1023 1380 virtutis
1045 1347 1086 1380 ct
1102 1339 1240 1396 gratiae
1261 1339 1392 1381 habe-

0 1428 1 1440 *
43 1417 128 1456 ret3
154 1410 205 1450 de
228 1424 310 1465 qua
331 1409 519 1451 nationes
542 1417 583 1450 et
600 1424 717 1465 reges
743 1408 932 1465 gentium
949 1411 1125 1466 spondet
1144 1409 1322 1457 futuros,
1347 1418 1392 1452 ut

43 1479 84 1521 in
108 1479 194 1536 ipsa
216 1487 341 1537 typus
361 1494 447 1520 non
465 1479 712 1535 Synagogce‚
738 1480 811 1520 sed
832 1479 1028 1521 Ecclesiae
1051 1480 1386 1522 constitueretur.

44 1549 170 1600 Quod
192 1558 331 1591 autem
353 1548 556 1606 promisso
579 1564 630 1589 ex
651 1564 698 1590 ea
733 1547 841 1605 filio,
867 1549 956 1590 risit
977 1549 1211 1598 Abraham,
1237 1565 1321 1591 non
1339 1550 1393 1592 in·

43 1619 299 1661 credulitatis
314 1651 323 1667 ,
353 1620 426 1660 sed
449 1617 715 1659 exultationis
744 1607 947 1659 indicium
970 1618 1058 1660 suit.
1092 1619 1281 1675 Denique
1303 1634 1397 1676 pro-

44 1688 146 1730 cidit
164 1689 206 1731 in
230 1689 402 1737 facicm,
431 1688 501 1744 qui
524 1688 732 1736 adoravit,
758 1696 798 1729 ct
824 1688 1025 1735 credidit,
1052 1697 1092 1730 et
1114 1689 1268 1745 adjecit
1293 1704 1334 1729 z«
1353 1687 1397 1730 Si

44 1758 176 1801 »mihi
210 1767 381 1801 centum
411 1773 617 1799 annorum
650 1766 847 1799 nascetur
874 1757 1004 1807 filius,
1025 1767 1066 1800 et
1090 1759 1121 1800 si
1142 1760 1241 1801 Sara
1263 1774 1397 1800 nona-

43 1848 58 1868 »
72 1829 186 1887 ginta
217 1844 423 1871 annorum
449 1829 594 1885 pariet.
624 1828 676 1870 Et
695 1828 795 1869 dixit
817 1844 826 1869 :
847 1829 996 1871 Ismael
1017 1829 1086 1870 hic
1102 1829 1265 1871 vivatin
1279 1844 1399 1871 consn

40 1915 55 1937 n
69 1906 196 1955 pectu
213 1907 285 1941 tuo
304 1898 333 1941 ¹.
359 1917 374 1938 2)
389 1898 481 1942 Non
503 1907 565 1940 est
582 1898 822 1939 incredulus
840 1898 883 1939 in
905 1898 1131 1955 promissis,
1152 1914 1229 1941 nec
1250 1915 1397 1942 avarus

39 1969 81 2011 in
104 1969 224 2012 votis.
257 1970 350 2012 Hoc
376 1977 460 2018 est,
485 1984 570 2010 non
602 1969 750 2011 dubito
778 1971 892 2025 quod
920 1970 1067 2018 facias,
1097 1978 1143 2013 ut
1165 1980 1206 2014 et
1227 1980 1397 2013 centum

39 2055 245 2082 annorum
263 2041 350 2083 seni
371 2042 501 2083 dones
524 2039 674 2088 filium,
692 2048 734 2081 et
750 2048 908 2082 naturae
927 2049 1074 2082 auctor
1087 2049 1244 2083 naturae
1261 2051 1391 2084 metas

38 2112 207 2153 relaxes.
245 2112 398 2159 Beatus
429 2110 498 2152 cui
529 2110 607 2151 ista
629 2111 874 2151 donantur:
901 2111 974 2151 sed
1005 2119 1143 2152 tamen
1174 2111 1300 2154 etiam
1321 2112 1391 2155 hic

38 2180 201 2230 Isma'e'l,
219 2196 345 2237 quem
361 2168 496 2221 habeo
515 2181 564 2221 de
581 2181 822 2228 vernacula,
837 2179 869 2220 si
882 2179 992 2222 vivat
1006 2179 1047 2221 in
1057 2190 1286 2238 conspectu
1300 2190 1389 2231 tuo,

39 2250 225 2292 abundat
251 2250 354 2292 mihi
380 2249 522 2306 gratia.
557 2249 747 2305 Denique
774 2250 979 2291 Dominus
1003 2259 1045 2293 et
1076 2252 1265 2308 probavit
1298 2252 1388 2308 ejus

39 2319 259 2370 affectum,
284 2328 325 2362 et
353 2319 601 2378 ,petitionem
624 2335 709 2363 non
739 2320 906 2370 abnuit,
932 2328 974 2363 et
995 2336 1067 2364 sua
1095 2322 1297 2379 promissa
1327 2321 1394 2365 fir-

37 2390 178 2432 mavit.

83 2490 92 2505 ¹
112 2481 196 2515 Gen.
215 2492 296 2522 xvn,
317 2493 365 2524 17,
390 2482 437 2514 18.
