1742 3233
474 265 525 290 ΒΕ
560 265 762 291 AssnMIAM.
806 267 880 291 Lm.
923 267 964 292 ΙΙ.
1308 254 1391 294 601

47 338 191 382 fectus.
224 340 270 381 In
293 347 472 396 quatuor
492 341 787 399 librisplenum
800 343 1068 401 Evangelium
1090 352 1212 401 atque
1230 346 1392 402 persec-

52 418 136 452 tum
167 419 240 452 est.
277 411 470 462 Quatuor
493 412 684 453 animalia
716 413 891 469 mystica
915 423 1020 456 sunt.
1058 414 1201 457 Mundi
1224 430 1391 471 quoque

49 479 164 522 istius
185 489 323 538 partes
344 490 521 537 quatuor
548 490 665 530 sunt,
692 497 742 523 cx
774 483 922 538 quibus
958 485 1195 541 congregati
1220 484 1290 526 filii
1316 486 1392 527 Ec-

48 551 181 592 clesiae
204 566 378 608 regnum
409 552 561 594 Christi
576 553 897 612 sacratissimum
913 563 1213 611 propagarunt,
1228 556 1394 597 venien-

50 627 109 661 tes
141 622 190 663 ab
214 621 385 663 Oriente
408 631 530 679 atquc
553 623 804 672 Occidente,
829 623 1120 682 Scptentrione
1142 633 1182 665 et
1204 625 1388 668 Meridie.

48 689 361 747 Quadripartito
385 692 510 749 igitur
530 695 657 735 latere
676 702 814 734 sancta
838 694 1014 751 surrexit
1037 694 1232 736 Ecclesia.
1260 695 1402 736 Decas

48 775 212 816 quoque
233 776 282 802 ex
300 762 378 803 isto
396 778 570 804 numero
589 764 776 820 assurgit.
805 763 845 805 Si
869 765 979 805 enim
999 773 1222 806 connectas
1242 765 1290 805 ab
1309 780 1394 805 uno

47 845 177 886 usque
209 831 260 872 ad
290 841 484 888 quatuor,
517 833 596 874 1100
618 835 743 875 inodo
771 834 975 876 decimam
1010 834 1149 876 facies.
1189 834 1394 892 Computa

49 915 203 948 unum,
229 903 334 943 adde
362 903 420 944 1111
447 905 549 952 (1110,
579 899 694 945 fiunt
716 913 796 946 tres
822 920 830 946 :
863 906 967 946 adde
997 905 1128 946 tribus
1153 913 1259 952 tres,
1290 904 1398 946 fiunt

48 985 118 1012 sex
145 986 154 1011 τ
178 978 219 1012 et
243 973 293 1013 ad
315 988 383 1013 sex
408 975 512 1015 adde
534 982 729 1030 quatuor,
756 974 859 1016 fiunt
888 977 1047 1016 decem.
1075 975 1248 1016 Tetrans
1271 974 1396 1031 igitur

48 1038 193 1081 decem
230 1041 398 1099 implet,
441 1045 562 1084 decas
606 1059 829 1084 numerum
868 1058 1037 1084 omnem
1083 1044 1391 1100 complectitur.

0 1131 19 1144 ι·
48 1108 240 1159 Quatuor
281 1127 447 1167 quoque
478 1121 617 1154 :etates
650 1121 746 1154 sunt
774 1113 974 1160 hominis,
1007 1113 1209 1169 pueritia,
1241 1114 1397 1154 adoles-

47 1180 200 1228 centia,
217 1180 434 1236 juventus‚
455 1183 683 1224 maturitas.
707 1184 910 1224 Paulatim
931 1183 1104 1240 assurgit
1121 1191 1159 1225 et
1177 1183 1389 1225 fundatur.

47 1250 258 1307 Sapientia
281 1252 420 1307 itaque
446 1267 607 1293 summa
632 1254 863 1309 prudentia}
885 1262 1033 1309 (piarto
1057 1261 1227 1294 {etatum
1249 1253 1398 1294 ordine

47 1320 171 1361 venit.
194 1321 424 1377 Meritoque
444 1331 490 1364 ut
512 1322 543 1363 si
562 1323 652 1379 quis
672 1332 765 1364 ante
788 1324 863 1364 sul)
885 1338 982 1379 rege
1005 1323 1172 1380 :Egypti
1194 1322 1294 1372 suit,
1309 1338 1393 1364 ma-

48 1390 215 1433 turioris
247 1399 386 1433 tamen
424 1392 583 1434 consilii
614 1393 696 1434 exit
728 1394 778 1434 de
807 1401 1011 1451 potestate
1043 1393 1153 1450 ejus,
1188 1402 1228 1435 et
1261 1395 1398 1450 legem

49 1461 126 1503 sibi
150 1462 335 1519 agnoscit
351 1464 619 1518 sequendam.
648 1464 766 1504 Tunc
793 1462 840 1503 fit
861 1463 897 1503 ei
924 1463 1041 1504 istius
1065 1462 1158 1503 vitae
1174 1477 1289 1504 mare
1310 1479 1400 1520 per-

49 1532 175 1574 vium.
208 1532 363 1574 Similis
388 1532 493 1574 ratio
524 1533 606 1581 his,
641 1547 731 1589 quae
763 1533 991 1589 gignuntur
1022 1523 1121 1573 solo.
1152 1532 1231 1573 [bi
1261 1548 1402 1574 semen

50 1617 237 1660 sparsum
263 1603 388 1644 fuerit
404 1636 413 1651 ‚
439 1604 610 1645 solvitur
632 1603 760 1644 humo
772 1620 783 1651 3
809 1611 849 1643 et
866 1603 1002 1659 primo
1024 1602 1257 1659 prorumpit
1275 1603 1316 1643 in
1335 1619 1407 1644 ra-

50 1673 208 1723 dicem,
235 1674 386 1715 deinde
406 1674 634 1731 germinat,
663 1674 864 1715 formatur
888 1673 1048 1714 fructus
1065 1705 1075 1720 ,
1100 1681 1141 1714 et
1158 1681 1299 1729 postea
1318 1688 1403 1714 ma-

51 1744 234 1786 turescit.
265 1745 449 1786 Arbores
482 1760 648 1801 quoque
682 1745 778 1801 ipsae
803 1744 988 1800 primum
1017 1743 1204 1784 fructum
1234 1743 1398 1792 ferunt,

50 1814 201 1857 deinde
222 1815 308 1872 ipse
331 1816 528 1857 adolescit
544 1816 727 1864 fruetus,
754 1829 923 1856 accessu
945 1814 1144 1870 temporis
1168 1822 1303 1855 mutat
1321 1830 1397 1856 co-

50 1886 182 1926 lorem
197 1918 207 1933 ,
232 1894 380 1942 quarto
403 1885 547 1927 ordine
571 1893 904 1933 consummatur,
933 1885 1015 1926 1100
1038 1893 1122 1932 est,
1152 1884 1392 1926 novissimo.

51 1956 111 1996 Ita
139 1971 236 2013 ergo
266 1964 307 1997 et
343 1971 417 1997 nos
449 1955 489 1996 in
518 1963 626 1996 terra
654 1955 733 1996 hac
760 1954 993 1996 afflictionis
1019 1954 1225 2011 fugiamus
1252 1956 1402 1996 lateres

51 2027 232 2067 formare
257 2041 265 2067 :
292 2027 365 2067 sed
384 2025 580 2082 lacrymis
603 2032 644 2066 et
667 2025 1118 2085 gemitu‘provocemus
1141 2023 1310 2065 Domini
1332 2025 1408 2065 mi-

53 2096 347 2144 sericordiau13
379 2103 425 2136 ut
450 2095 588 2136 mittat
617 2095 738 2136 nobis
761 2095 931 2150 Moysen
954 2102 994 2135 et
1018 2094 1180 2141 Aaron,
1205 2093 1284 2134 1100
1314 2102 1375 2135 est
1392 2127 1402 2142 ‚

52 2166 186 2223 legem
219 2174 261 2207 et
289 2165 549 2207 sacerdotem
574 2180 582 2206 ε
613 2167 686 2206 sed
719 2165 836 2206 illum
872 2179 1018 2205 verum
1053 2165 1337 2212 sacerdotem,
1365 2173 1407 2206 et

55 2238 317 2278 sacerdotum
337 2235 566 2293 principem
579 2269 588 2284 ‚
613 2235 684 2291 qui
700 2234 798 2276 licet
814 2234 922 2275 inter
938 2233 1130 2275 homines
1150 2242 1404 2284 versaretur,

56 2307 274 2348 dicebatur
300 2322 339 2347 :«
352 2307 459 2348 Ecce
492 2306 658 2362 spiritus
696 2313 789 2346 ante
821 2304 971 2346 faciem
1002 2311 1187 2345 nostram
1216 2303 1407 2346 Christus

56 2376 367 2423 »Domi11us¹·;»
388 2384 429 2417 et
457 2375 605 2417 liberet
635 2390 709 2417 nos
741 2376 792 2416 de
824 2383 935 2416 terra
959 2374 1148 2431 AEgypti,
1173 2382 1219 2415 ut
1250 2375 1407 2431 pascha

55 2445 223 2487 Domini
247 2446 521 2487 celebremus.
548 2446 749 2488 Feramus
771 2445 895 2488 etiam
917 2444 1104 2486 fructum
1127 2440 1225 2486 fi'dei
1248 2445 1298 2486 ab
1321 2444 1409 2501 ipsa

57 2516 255 2575 pueritia,
291 2532 514 2574 augeamus
541 2517 582 2560 in
609 2515 910 2564 adolescentia,
937 2517 1172 2559 coloremus
1199 2514 1242 2557 in
1268 2514 1412 2572 juven-

104 2617 113 2631 ¹
133 2608 256 2641 Thren.
277 2620 323 2648 lv,
343 2620 393 2641 πο.
