1742 3233
312 329 396 372 388
856 343 887 369 s.
929 342 1117 369 ‚uinnosn

310 425 476 466 locutus
508 421 587 463 ait:
624 438 638 457 α
669 419 815 461 Venite
839 420 891 461 ad
921 434 989 463 me
1022 433 1165 460 omncs
1189 418 1259 474 qui
1280 418 1500 467 laboratis,
1523 427 1563 460 et
1593 435 1669 477 ego

282 533 290 536 .
309 508 411 534 »vos
427 490 626 533 reficiam.
649 490 799 532 Tollite
819 489 967 546 jugum
991 502 1133 529 meum
1157 503 1281 545 snper
1296 502 1392 535 vos,
1417 496 1458 530 et
1481 488 1626 530 discite
1650 504 1670 529 a

309 581 324 601 n
339 577 405 602 me
419 560 512 617 quia
525 560 637 601 mitis
655 574 764 605 sum,
789 566 831 600 'ct
846 557 1016 599 humilis
1037 558 1179 605 corde,
1194 564 1236 598 et
1252 557 1468 598 invenietis
1483 557 1672 613 requiem

309 649 325 669 »
340 630 556 672 animabus
581 628 725 670 vestris
749 627 779 668 ¹.
808 645 823 665 »
853 626 947 678 Qua
968 626 1185 667 vocatione
1212 626 1374 683 plenius
1401 626 1506 667 mihi
1529 626 1672 668 videor

309 701 436 742 verba
470 699 570 755 legis
604 706 645 738 et
677 696 875 752 mysteria
912 710 1239 752 recognoscere:
1276 696 1372 752 quia
1414 696 1570 738 asinam
1602 704 1672 738 aut

310 768 653 810 commutandam
676 780 754 806 ove
782 765 947 814 docuit,
974 773 1043 806 aut
1070 766 1360 807 redimendam
1389 765 1598 823 pecunia3
1627 774 1674 807 ut

309 854 395 881 non
417 839 551 879 squm
585 836 707 877 asinae
731 842 895 891 partum
921 849 1020 881 ove,
1047 834 1126 875 hoc
1151 842 1211 875 cst
1227 866 1237 882 ,
1262 835 1430 876 mundis
1455 835 1673 876 immunda

307 916 543 954 mutemus,
567 906 639 946 sed
664 904 789 945 etiam
820 903 1087 945 redimamus.
1119 902 1246 954 Quod
1275 903 1444 945 videtur
1466 904 1670 961 exprimi,

311 977 343 1018 si
376 975 488 1033 prius
521 972 726 1015 sacrificio
754 971 1081 1029 purificationis,
1114 979 1155 1013 ct
1182 972 1381 1029 mysterio
1409 973 1673 1030 baptismatis

311 1046 559 1088 delictorum
577 1052 816 1084 nostrorum
829 1042 1143 1098 inquinamenta
1158 1042 1375 1091 iavemus3
1390 1043 1565 1084 crimina
1576 1059 1675 1100 quo—

307 1131 388 1173 que
415 1124 555 1156 nostra
574 1113 694 1154 bonis
716 1113 930 1170 operibus,
959 1111 1140 1168 fideique
1167 1111 1320 1169 pretio,
1345 1121 1386 1154 et
1407 1113 1674 1155 miseratione

307 1176 573 1228 redimamus.

367 1255 442 1298 XI.
478 1253 663 1296 Pretium
681 1260 872 1293 nostrum
895 1251 1061 1308 sanguis
1078 1260 1139 1293 est
1159 1251 1327 1294 Christi.
1360 1253 1479 1294 L‘nde
1496 1260 1538 1294 et
1561 1268 1676 1310 apos·
1734 1282 1738 1314 f

310 1327 419 1368 tolus
448 1325 594 1366 Petrus
620 1322 701 1364 ait:
739 1339 754 1359 α
775 1321 867 1364 Non
895 1336 995 1361 auro
1023 1321 1089 1362 vel
1117 1329 1289 1378 argento
1319 1322 1528 1379 redempti
1555 1321 1672 1369 estis,

309 1397 413 1438 »sed
447 1394 631 1452 pretioso
672 1391 873 1448 sanguine
910 1389 940 1432 ².
975 1409 990 1429 »
1032 1390 1084 1432 Et
1121 1391 1272 1433 Paulus
1306 1391 1408 1433 dicit
1440 1406 1450 1433 ε
1493 1409 1508 1429 α
1536 1391 1674 1433 Pretio

311 1464 470 1522 »empti
497 1463 594 1504 estis
612 1495 621 1510 ‚
656 1461 785 1502 nolite
808 1459 917 1501 effici
944 1460 1050 1501 servi
1077 1459 1298 1502 hominum
1328 1459 1358 1502 ³.
1390 1478 1406 1499 ι)
1440 1461 1559 1502 Unde
1590 1475 1676 1501 non

310 1534 441 1576 otiose
462 1533 665 1573 miramur
687 1530 728 1571 in
750 1529 974 1586 Evangelio
998 1531 1111 1586 quod
1133 1545 1257 1586 super
1280 1531 1444 1588 pullum
1472 1529 1595 1570 asinae
1616 1544 1677 1570 se-

311 1604 418 1646 derit
446 1602 652 1645 Dominus
684 1600 805 1642 Jesus
830 1600 842 1619 ‘⁴

312 1673 466 1715 Christi
488 1672 622 1713 hostia
638 1703 648 1718 ,
675 1670 745 1726 qui
763 1671 997 1711 secundum
1013 1671 1152 1726 legem
1165 1670 1401 1711 habebatur
1411 1669 1669 1711 immundus.

311 1744 430 1786 [nde
453 1751 494 1783 et
517 1743 568 1783 de
599 1740 751 1782 Levitis
773 1739 977 1796 seriptum
1009 1747 1094 1788 est,
1125 1741 1239 1796 quod
1262 1740 1342 1781 sint
1364 1739 1676 1797 redemptiones

310 1828 457 1856 eorum
475 1812 486 1832 ⁵
509 1828 519 1859 3
536 1826 588 1852 eo
607 1812 721 1866 quod
737 1817 779 1851 et
796 1810 1013 1851 sanctitate
1030 1799 1223 1850 ritae'suae
1241 1817 1282 1850 et
1300 1808 1487 1851 oratione
1503 1817 1677 1866 peccata

309 1882 442 1940 plebis
464 1883 661 1922 lavarent.
701 1880 747 1920 In
771 1879 923 1935 quibus
956 1878 1087 1936 figura
1112 1879 1205 1936 agni
1235 1879 1446 1936 praecessit
1468 1878 1678 1936 mysteriIS

310 1966 456 1994 verum
486 1958 711 1991 venturum
740 1948 951 1996 Levstem,
987 1949 1058 2005 qui
1085 1949 1241 2006 proprii
1272 1949 1458 2006 eorporis
1485 1948 1678 2007 passione

869 1617 879 1647 3
910 1599 1005 1656 quia
1032 1601 1212 1657 populus
1236 1599 1400 1657 gentilis
1435 1598 1561 1656 coepit
1587 1614 1676 1641 esse

313 2023 479 2064 tolleret
509 2027 733 2076 peccatum
766 2019 926 2059 mundi.
968 2018 1130 2060 Levites
1170 2018 1429 2076 significatur
1459 2026 1677 2076 susceptus
1730 2021 1734 2028 '

311 2106 388 2148 pro
416 2105 511 2137 me,
546 2091 609 2130 vel
634 2089 719 2145 ipse
744 2088 847 2130 mihi
875 2088 1004 2135 levis3
1034 2088 1121 2145 ipse
1145 2088 1256 2129 enim
1284 2087 1480 2146 perfectae
1511 2088 1677 2130 virtutis

313 2161 440 2203 habet
456 2159 744 2219 impertiendae
768 2159 922 2215 populo
940 2158 1124 2199 sanitatis
1143 2158 1358 2199 indicium.
1380 2158 1473 2215 Ipse
1489 2173 1586 2214 ergo
1605 2157 1676 2214 qui
1729 2175 1733 2215 ι

312 2245 388 2288 pro
427 2231 558 2271 salute
591 2229 883 2270 universorum
915 2235 1156 2284 expectatus
1189 2228 1379 2276 advenit,
1409 2243 1484 2286 pro
1519 2243 1586 2269 me
1615 2235 1678 2270 est

311 2309 435 2359 utero
467 2299 603 2341 editus
633 2298 845 2356 virginali,
876 2313 951 2355 pro
984 2314 1051 2339 me
1085 2299 1270 2348 oblatus,
1300 2314 1376 2357 pro
1402 2314 1470 2341 me
1500 2298 1678 2357 gustavit
1728 2296 1730 2298 ’

313 2378 494 2414 mortem
508 2402 518 2418 ,
539 2384 614 2426 pro
631 2384 698 2410 me
712 2361 948 2425 resurrexit.
972 2369 1017 2409 In
1035 2384 1118 2425 quo
1142 2369 1331 2411 omnium
1354 2365 1575 2411 hominum
1592 2383 1678 2410 sus-

312 2448 437 2497 cepta
466 2447 528 2481 est
556 2438 789 2496 redemptio
812 2471 822 2486 ,
859 2446 1067 2495 assumpta
1104 2437 1165 2480 est
1194 2439 1456 2489 resurrectio.
1492 2439 1585 2497 Ipse
1614 2446 1678 2480 est

315 2526 440 2552 verus
461 2506 648 2557 Levites;
675 2517 722 2551 ut
746 2523 821 2552 nos
850 2509 1013 2552 Levitas
1038 2508 1195 2552 faceret
1219 2510 1429 2553 adhaerere
1454 2510 1566 2558 Deo,
1599 2508 1677 2567 ipsi

363 2628 372 2642 ¹
394 2616 512 2649 Matth-
527 2628 570 2651 m,
589 2617 639 2652 28,
660 2628 756 2659 29.—
778 2627 788 2642 ¹
816 2628 825 2649 1
850 2617 938 2651 Petr.
955 2628 980 2664 1,⁴
998 2618 1048 2657 18,
1070 2628 1161 2660 19.—
1177 2619 1189 2642 ³
1214 2628 1225 2650 1
1245 2618 1322 2651 Cor.
1341 2628 1400 2660 vn,
1417 2619 1469 2652 25.
1489 2636 1526 2643 -
1544 2620 1557 2645 ⁴
1573 2616 1677 2650 Marc.

319 2683 418 2716 157.
433 2689 473 2695 -
490 2672 500 2694 ⁵
521 2670 624 2703 Exod.
643 2671 788 2711 xnr,.13.
