1747 3260
480 260 767 287 iissxafflnffiox.
806 260 885 286 Lm.
923 260 960 285 v.
1316 247 1396 304 167

46 347 152 386 tam,
181 337 249 379 cui
274 352 294 378 a
317 336 420 378 ssore
443 352 596 378 nomen
623 336 790 378 inolevit
811 351 820 376 ε
860 350 931 377 seu
955 333 1088 377 Ticini
1111 336 1220 376 unda
1248 343 1287 376 te
1314 336 1397 378 ssu-

45 407 168 449 minis
184 438 195 454 ,
220 421 293 447 seu
316 406 469 447 amoeni
492 405 626 447 Atesis
649 406 762 446 unda
779 404 995 453 nutrierit,
1025 403 1101 445 ssos
1123 419 1179 445 es.
1205 404 1396 461 Denique

46 492 182 518 sermo
201 476 404 525 testatior,
425 479 541 533 quod
558 477 610 518 de
626 491 692 525 eo,
707 477 949 533 quigratam
962 476 1122 516 redolet
1133 475 1395 524 suavitatem,

47 547 203 588 dictum
232 546 365 587 facete
387 547 438 587 sit
464 561 472 587 :
502 545 586 588 Aut
616 547 774 603 piscem
795 547 878 588 olet
904 552 974 586 aut
999 544 1173 593 ssoremg
1205 545 1260 586 ita
1283 545 1396 589 idem

44 615 335 673 pronuntiatus
366 624 427 656 est
457 615 580 672 piscis
609 617 713 657 odor
739 630 828 657 esse
853 615 925 671 qui
950 613 1078 655 floris.
1116 613 1230 664 Quid
1254 614 1394 670 specie

44 692 115 726 tua
142 684 326 741 gratius?
352 684 463 735 Quid
498 684 699 726 suavitate
727 682 987 741 jucundius?
1020 682 1134 734 Quid
1161 684 1289 724 odore
1318 683 1397 726 sra-

43 754 229 810 grantius
245 752 262 794 Ξ)
279 754 406 805 Quod
419 755 544 795 mella
562 754 745 811 fragrant
765 788 776 804 ,
799 754 880 796 hoc
898 762 944 795 tu
961 767 1137 810 corpore
1156 761 1225 794 tuo
1250 752 1392 810 spiras.

44 823 158 873 Quid
186 824 332 879 loquar
364 838 608 872 corvorum,
641 824 742 880 quid
771 824 898 865 etiam
926 825 1122 880 luporum
1146 823 1395 865 teneritudi-

43 892 153 935 nes?
184 892 325 934 Nescit
355 893 431 934 hos
459 895 578 951 lupos
606 909 734 950 agnus
760 893 921 935 timere.
950 892 1082 935 Tanta
1106 900 1168 934 est
1195 907 1397 948 aquarum

42 962 191 1018 gratIa,
220 977 398 1017 quarum
420 963 570 1005 vitulos
596 964 755 1022 fugiant
776 971 817 1005 et
835 965 999 1009 leones,
1024 969 1070 1001 ut
1101 961 1164 1002 his
1186 961 1397 1018 propheti-

43 1046 142 1074 cum
166 1032 268 1072 illud
289 1032 450 1073 dictum
472 1035 525 1074 de
546 1034 744 1074 Ecclesiae
779 1033 999 1075 sanctitate
1021 1032 1113 1087 jure
1137 1031 1358 1073 conveniat
1387 1045 1397 1073 :

52 1118 71 1140 (ι
90 1101 210 1143 Tunc
234 1101 321 1157 lupi
344 1111 385 1143 et
408 1102 499 1159 agni
522 1102 648 1143 simul
667 1110 907 1160 pascentur,
935 1103 1000 1143 leo
1022 1109 1064 1143 et
1085 1101 1161 1142 hos
1187 1099 1310 1142 simul
1330 1116 1398 1157 pa-

41 1172 157 1212 »leas
172 1171 535 1213 manducabunt&
558 1190 574 1211 »
602 1172 688 1215 Nec
710 1172 864 1214 mirum
878 1206 889 1222 ,
909 1170 1252 1228 quandoquidem
1273 1170 1399 1212 etiam

42 1239 86 1282 in
118 1240 305 1281 Ecclesia
340 1255 456 1297 aquae
488 1241 591 1283 illud
628 1249 868 1300 operantur,
902 1250 948 1283 ut
979 1242 1225 1299 praedonum
1254 1239 1395 1282 abluta

42 1309 227 1365 nequitia
255 1325 353 1352 cum
376 1311 672 1354 innocentibus
698 1313 978 1371 comparetur.
1012 1310 1127 1362 Quid
1147 1310 1272 1351 etiam
1293 1325 1397 1366 pur·
1433 1330 1439 1334 -

42 1395 166 1438 puras
192 1396 424 1423 memorem
442 1415 452 1431 ,
486 1398 576 1439 quae
605 1392 756 1425 ornant
788 1398 935 1440 regum
965 1381 1152 1423 convivia
1174 1413 1185 1428 ,
1220 1380 1396 1422 amictus

43 1449 272 1493 imbuunt?
301 1452 518 1509 Aquarum
540 1462 602 1495 est
625 1454 749 1511 igitur
771 1453 886 1509 quod
911 1452 955 1493 in
975 1451 1142 1508 regibus
1167 1451 1364 1491 adoratur
1383 1465 1393 1492 ε

44 1535 246 1577 aquarum
272 1529 334 1563 est
363 1522 521 1579 species
549 1522 616 1565 illa
649 1538 739 1579 quae
766 1522 908 1579 fulget.
942 1521 1061 1564 Adde
1091 1534 1241 1578 porcos
1268 1518 1396 1561 maris

42 1589 169 1632 etiam
196 1591 351 1633 Judaeis
369 1599 531 1649 gratos;
560 1592 655 1648 quia
678 1592 783 1635 nihil
807 1600 869 1634 est
895 1605 1144 1640 commune,
1171 1591 1286 1647 quod
1302 1603 1387 1630 non

43 1673 149 1717 aqua
174 1662 337 1711 abluat,
367 1670 408 1704 et
437 1662 531 1704 ideo
555 1678 802 1707 communes
823 1677 895 1706 eos
920 1662 1029 1706 sicut
1060 1661 1102 1705 in
1128 1668 1236 1704 terra
1259 1658 1392 1703 editos

40 1731 247 1774 aestimare
266 1746 352 1774 non
367 1741 553 1791 possunt.

89 1864 100 1880 1
121 1857 194 1889 lsai.
212 1868 285 1897 mxv,
306 1858 357 1890 25.
