1742 3233
462 312 514 339 ΒΕ
547 307 753 338 ABnAnAM.
791 309 869 336 Lm.
911 308 952 336 11.
1298 292 1383 348 559¹

37 409 169 451 usque
191 393 243 434 ad
258 403 459 448 quercum
475 389 600 430 altam
621 385 903 444 pertransiret.
932 385 1036 436 Quae
1054 384 1179 426 arbor
1198 391 1246 425 ut
1271 385 1353 425 alta
1372 416 1382 431 ,

39 464 96 506 ita
130 462 256 504 otiam
291 459 462 501 robusta
498 457 652 498 indicio
687 464 749 497 est
778 470 863 497 non
892 454 1011 496 facile
1045 454 1226 496 animam
1256 452 1389 495 sancti

41 531 220 575 Abrahae
247 528 387 572 saeculi
411 526 538 584 hujus
566 525 758 583 procellis
784 540 873 566 esse
896 531 1131 572 curvatam,
1167 524 1240 565 sed
1267 538 1389 564 man-

45 602 143 644 sisse
166 599 388 641 sublimem
408 614 419 644 ;
442 604 490 637 ut
511 611 553 638 se
570 611 590 637 a
617 594 792 636 terrenis
812 592 1150 649 inquisitionibus
1174 594 1226 634 ad
1249 592 1382 634 altitu·

47 670 187 712 dinem
204 667 350 710 divinae
368 665 615 723 cognitionis
632 666 823 706 elevaret.

105 738 178 780 IX.
213 736 403 792 Denique
434 735 631 776 continuo
663 734 853 790 apparuit
884 733 942 774 illi
973 732 1086 774 Deus
1114 731 1144 774 ¹.
1182 732 1396 788 Nusquam

50 807 239 864 superius
260 805 389 848 habes
411 804 525 860 quod
546 803 656 844 visus
683 811 790 844 essct
812 803 869 844 illi
890 803 1014 845 Deus.
1051 803 1169 844 [nde
1196 802 1326 858 liquet
1347 815 1397 841 eo

51 876 318 918 referendum
335 908 345 923 ‚
378 873 472 929 quia
500 873 685 929 quandiu
715 872 934 914 Chaldaeus
962 873 1066 921 suit,
1095 872 1175 914 hoe
1204 879 1292 920 est,
1314 885 1398 912 non

53 947 188 988 solum
211 944 252 986 in
273 943 457 1000 regione,
478 944 550 984 sed
571 942 696 983 etiam
715 943 755 983 in
777 943 972 999 opinione
990 942 1297 990 Chaldaeorum,
1315 955 1400 982 non

51 1022 214 1073 poterat
227 1014 367 1056 Deum
382 1012 522 1054 videre
539 1027 665 1068 quem
682 1012 788 1053 intra
805 1014 1010 1053 mundum
1033 1013 1258 1069 quaerebat.
1283 1012 1404 1054 Chal-

55 1084 132 1126 daei
147 1083 260 1125 enim
281 1083 489 1124 mundum
507 1082 764 1138 superiorem
780 1075 917 1123 Deum
941 1082 1101 1130 dicunt,
1125 1090 1167 1123 et
1189 1082 1315 1123 etiam
1338 1081 1405 1123 sti-

56 1169 200 1196 carum
217 1155 342 1195 domo
361 1153 471 1207 (50),
485 1160 532 1206 et
549 1153 760 1193 stellarum
782 1168 907 1194 eursu
926 1152 1025 1194 ferri
1044 1161 1232 1194 asserunt
1247 1168 1295 1194 ea
1314 1167 1405 1209 quae

57 1233 222 1266 terrena
247 1230 362 1270 sunt,
396 1229 437 1263 et
465 1223 647 1277 quodam
673 1222 840 1264 vinculo
870 1223 1067 1264 coerceri.
1098 1223 1217 1265 [nde
1239 1230 1280 1264 et
1310 1224 1408 1264 deos

59 1296 197 1337 stellas
225 1293 561 1350 appellaverunt,
592 1307 642 1333 eo
664 1294 778 1347 quod
802 1308 869 1334 eas
891 1292 1152 1334 dominatum
1184 1294 1409 1348 quemdam

19 1368 22 1372 ’
61 1365 217 1407 habere
235 1376 463 1419 supernum
486 1363 673 1409 credant,
696 1363 790 1418 quia
812 1365 1002 1419 quaedam
1025 1363 1151 1404 stellis
1176 1365 1227 1404 ad
1248 1371 1411 1404 terrena

64 1432 296 1490 compassio
323 1439 397 1473 est.
429 1431 628 1487 Oportuit
654 1420 792 1472 autem
824 1447 893 1473 eos
924 1432 1149 1480 aestimare,
1179 1432 1273 1487 quia
1301 1433 1415 1487 quod

66 1502 335 1560 compatitur,
362 1516 447 1542 non
469 1501 783 1557 imperatorium
806 1501 888 1557 jus,
908 1517 986 1542 nee
1005 1501 1281 1549 dominatum,
1300 1502 1417 1557 quasi

66 1575 196 1622 Deus,
222 1572 353 1630 possit
374 1571 532 1613 habere
551 1571 594 1611 in
614 1571 672 1612 eis
699 1586 877 1626 quorum
894 1572 1083 1629 aegrescit
1106 1572 1416 1630 compassione3

70 1659 166 1699 cum
191 1643 242 1684 sit
265 1650 306 1684 et
332 1641 418 1698 ipse
443 1639 630 1681 mortalis
651 1648 693 1682 et
721 1641 1015 1698 corruptibilis.
1053 1642 1232 1683 Mundus
1253 1657 1420 1699 quoque

72 1728 171 1756 cum
192 1712 244 1754 sit
259 1711 393 1753 sactus
409 1742 420 1758 ‚
444 1710 590 1765 utique
611 1709 698 1766 ipse
720 1710 831 1751 Deus
854 1725 939 1751 non
960 1719 1042 1758 est,
1064 1712 1137 1752 sed
1161 1720 1355 1769 operator
1379 1720 1421 1753 et

75 1781 268 1824 conditor
294 1780 399 1836 ejus.
437 1779 546 1836 Ergo
580 1794 699 1820 mens
733 1780 920 1835 quandiu
953 1780 1178 1821 chaldaicis
1211 1780 1423 1823 erroribus

75 1852 303 1895 inflectitur
317 1883 328 1899 ,
352 1865 436 1892 non
457 1850 570 1891 videt
585 1849 722 1891 Deum
736 1882 747 1897 ‚
774 1865 900 1906 quem
928 1850 969 1891 in
995 1850 1058 1891 his
1079 1852 1227 1907 quaerit
1249 1867 1339 1907 quae
1363 1850 1427 1892 vi-

78 1923 254 1969 dentur,
276 1935 362 1962 non
382 1920 445 1961 his
468 1934 559 1975 quae
577 1934 660 1960 non
681 1919 876 1961 videntur
895 1935 904 1960 ε
932 1935 1022 1975 quae
1048 1928 1186 1962 autem
1207 1921 1402 1962 videntur
1416 1954 1426 1969 ‚

79 1990 323 2048 temporalia
346 1997 468 2038 sunt;
493 2004 590 2030 nam
612 2004 703 2045 quae
724 2005 808 2030 non
834 1990 1028 2031 videntur
1049 1998 1214 2032 aeterna.
1244 1989 1326 2031 Sed
1347 2000 1431 2032 non

81 2059 321 2117 temporalis
351 2059 489 2101 Deus:
520 2074 605 2100 non
639 2059 764 2115 igitur
794 2060 970 2101 videtur.
1005 2060 1097 2102 Non
1122 2076 1220 2118 ergo
1247 2076 1365 2102 mens
1387 2077 1435 2102 ea

82 2131 196 2173 videt
209 2130 362 2178 Deum,
380 2143 471 2185 quae
495 2129 757 2186 disciplinam
782 2129 1076 2171 Chaldaeorum
1093 2130 1293 2186 sequitur.
1318 2132 1435 2172 Unde

86 2216 165 2243 nee
191 2199 404 2242 Abraham
432 2199 615 2256 primum
643 2199 823 2240 videbat.
851 2199 1074 2249 Quomodo
1103 2208 1241 2242 autem
1273 2209 1438 2256 poterat

88 2271 230 2314 videre
255 2285 377 2318 eum,
404 2284 528 2326 supra
556 2275 681 2325 quem
705 2270 882 2310 alterum
913 2284 1002 2310 esse
1024 2270 1339 2311 arbitrabatur?
1361 2271 1440 2311 [bi

91 2355 189 2383 vero
213 2340 264 2381 ad
286 2339 410 2380 aliam
437 2339 682 2396 demigravit
712 2354 797 2380 non
819 2338 1033 2395 regionem
1053 2372 1064 2388 ,
1091 2340 1162 2381 sed
1183 2355 1323 2382 veram
1344 2341 1442 2383 reli-

95 2410 261 2469 gionem
277 2417 465 2466 paratam
488 2409 737 2457 humilitati,
759 2409 840 2450 hoc
865 2409 976 2450 enim
998 2408 1202 2466 significat
1227 2410 1441 2460 Chaman,

96 2489 198 2522 tunc
223 2479 360 2522 Deum
382 2479 524 2520 videre
552 2479 678 2536 coepit
694 2511 705 2528 ‚
729 2486 770 2519 et
796 2493 893 2519 eum
920 2493 1173 2536 cognoscere
1200 2495 1288 2521 esse
1308 2480 1445 2523 Deum

100 2551 220 2609 cujus
250 2549 443 2599 invisibili
473 2549 626 2592 virtute
655 2548 830 2591 advertit
857 2548 997 2591 omnia
1022 2550 1108 2606 regi
1134 2555 1175 2592 et
1201 2550 1446 2607 gubernari*

127 2650 138 2664 ¹
158 2640 243 2674 Gen.
258 2651 320 2679 xn,
334 2651 366 2682 7.
