1742 3233
282 284 370 334 636
788 291 925 331 ANNo’r
933 300 1119 330 AT10Nsss.

282 390 452 441 captum
470 389 592 439 atque
615 379 844 422 abductum
862 379 1035 423 affectus
1053 388 1156 422 erat.
1181 375 1310 423 Porro
1327 377 1492 423 videtur
1510 379 1631 423 ulcus

280 453 448 509 aliquod
478 452 519 493 in
546 451 718 494 vocibus
747 450 989 493 delitescere
1006 467 1016 499 3
1044 466 1096 492 ne
1126 451 1253 508 igitur
1285 459 1430 509 aptum
1462 467 1631 493 sensum

279 522 433 571 elicias,
452 522 491 563 .ςί
507 520 669 579 despici
683 536 741 570 se,
765 520 807 562 in
824 520 1078 576 despexisse,
1101 529 1170 563 aut
1187 521 1393 564 divinam
1411 523 1628 579 favorem,

280 591 325 634 in
349 592 503 634 divino
527 593 676 649 favore
691 624 700 640 ,
723 604 808 632 non
827 591 1064 633 mutaveris.

640 774 881 804 ANNOTATIO
919 761 1007 817 (56)
1044 776 1135 819 pag.
1175 761 1272 804 588.

342 929 531 972 Domari
570 927 756 983 injuriis
785 927 853 969 hic
897 942 980 970 non
1018 929 1182 971 videtur
1225 930 1337 974 aliud
1377 929 1634 987 significare,

285 1014 412 1057 quam
430 998 592 1041 domari
612 998 756 1042 labore
780 1012 826 1039 ac
849 998 1106 1042 verberibus.

640 1192 883 1221 ANNOTATIO
922 1178 1009 1235 (57)
1049 1194 1140 1236 pag.
1182 1178 1278 1236 591.

346 1359 707 1403 Desiderabantur
746 1359 790 1401 in
811 1359 908 1402 edit.
941 1373 1032 1416 quae
1056 1368 1289 1416 sequuntur
1310 1358 1419 1401 inter
1445 1360 1548 1401 duos
1569 1375 1642 1402 un-

288 1432 403 1474 cinos
426 1431 731 1489 comprehensa
747 1463 757 1478 ,
783 1431 1084 1488 legebaturque
1105 1433 1222 1473 locus
1242 1431 1324 1473 hoc
1346 1432 1473 1474 modo
1495 1445 1504 1472 ε
1533 1430 1642 1471 Vir-

289 1513 398 1544 luces
436 1511 562 1551 sunt,
598 1517 693 1556 (μαι)
731 1500 782 1542 de
812 1512 850 1542 te
883 1510 1132 1557 poscuntur.
1170 1501 1253 1543 Sed
1298 1501 1448 1542 omissa
1482 1501 1643 1558 primus

287 1572 477 1614 exhibuit
509 1571 604 1613 Gill.
641 1570 683 1612 in
713 1571 834 1612 variis
867 1571 1118 1613 lectionibus
1153 1572 1204 1613 ad
1235 1573 1395 1613 calcem
1424 1587 1506 1627 suae
1538 1571 1638 1612 edit.

290 1642 536 1684 auctoritate
558 1642 738 1682 duorum
759 1641 956 1683 codicum
978 1641 1272 1698 antiquissimae
1290 1657 1439 1684 manus
1454 1674 1464 1691 ,
1485 1641 1646 1684 scilicet

288 1712 531 1770 Dionysiani
554 1726 601 1753 ac
621 1711 854 1753 Sorlionici.
885 1712 966 1755 Nos
988 1727 1086 1754 vero
1113 1714 1260 1754 eadem
1281 1713 1322 1754 in
1344 1720 1503 1754 textum
1528 1712 1646 1754 resti-

294 1784 477 1831 tuimus,
523 1782 616 1824 freti
638 1797 733 1823 mss.
772 1781 897 1823 Corb.
928 1782 1057 1840 Lcng.
1093 1782 1209 1825 Colb.
1245 1791 1285 1824 et
1312 1783 1434 1832 Maz„
1466 1798 1645 1840 quorum

291 1855 452 1913 primus
480 1853 742 1910 octingentos
769 1868 898 1894 annos
922 1862 1078 1909 aequat,
1106 1862 1177 1895 ant
1200 1862 1378 1911 superat.
1405 1854 1458 1895 Et
1475 1854 1643 1910 quidem

291 1924 566 1968 Anibi-osiana
601 1939 692 1965 esse
721 1923 896 1965 minime
926 1923 1119 1980 negabit,
1148 1923 1218 1980 qui
1252 1925 1430 1980 stylum,
1462 1923 1646 1966 materia:

292 1995 584 2052 cognationem
607 2002 730 2051 atque
758 1994 949 2035 ordinem
982 1994 1219 2051 diligentins
1242 1993 1547 2052 introspexerit.
1574 1995 1645 2049 llis

293 2068 398 2108 adde
419 2067 532 2122 quod
558 2065 759 2107 nonnulla
791 2065 974 2107 citantur
997 2081 1017 2106 a
1049 2066 1161 2108 Bart.
1188 2066 1386 2108 Urbinate
1407 2066 1449 2107 in
1470 2066 1647 2108 Millelo—

292 2136 389 2193 quio
420 2135 696 2178 Ambrosiano
722 2136 773 2176 ad
805 2149 978 2183 vocem,
1011 2135 1166 2176 eaelum
1190 2152 1204 2175 .·
1230 2136 1342 2177 unde
1367 2135 1534 2193 colligas
1566 2135 1646 2177 hoc

292 2206 511 2264 fragmenti
529 2205 569 2249 in
589 2206 715 2249 ltaliae
732 2220 900 2262 quoque
917 2220 1012 2248 mss.
1043 2204 1194 2262 quibus
1215 2221 1315 2248 usus
1336 2214 1399 2248 est
1412 2238 1423 2255 ‚
1446 2205 1640 2248 extitisse.

658 2390 900 2418 AMoTATlo
938 2376 1027 2432 (58)
1062 2391 1152 2433 pag.
1192 2376 1290 2433 593.

353 2540 611 2597 Superiora,
638 2543 800 2598 supple,
830 2542 1007 2590 animm,
1035 2541 1154 2598 cnjus
1182 2541 1275 2584 ideo
1298 2548 1436 2598 partes
1458 2538 1648 2597 superio-

294 2626 359 2654 res
380 2627 469 2654 esse
491 2611 615 2660 dicit,
641 2611 883 2655 facultatem
905 2611 1114 2669 cogitandi
1134 2627 1181 2654 ac
1203 2609 1502 2659 ratiocinandi,
1527 2617 1569 2652 et
1592 2607 1649 2651 sa-
