1742 3233
442 264 494 291 nr,
528 261 623 290 cmx
657 262 710 289 ET
745 262 862 290 nm„
901 262 981 289 mn.
1020 261 1062 288 11.
1343 249 1422 297 411

74 334 338 391 consilioque
358 337 519 380 viduata
538 337 766 395 graviorem
786 337 943 379 subiret
958 341 1189 378 aerumnam
1208 347 1218 377 2
1239 351 1282 378 se
1298 337 1429 393 magis

73 402 369 460 frequentibus
387 407 642 450 commonita
666 407 846 448 oraculis
866 406 1187 463 Pro'phetzirum,
1206 406 1259 447 ad
1282 405 1428 447 Domi-

72 487 172 535 num
196 474 331 517 Deum
357 492 479 519 suum
503 478 571 535 pio
594 477 748 520 rediret
775 476 956 524 affectu3
980 491 1033 517 ne
1052 475 1234 518 adversis
1257 474 1428 532 captivi»-

73 541 165 584 tatis
199 545 338 587 attrita
371 552 594 604 prorueret
626 548 668 589 in
698 546 883 605 perfidiae
916 550 1163 604 peecatum3
1199 545 1426 601 salutisque

68 621 285 670 perpetuae
302 618 537 659 remedium
559 619 811 674 desperaret.

127 683 347 729 XXXVII.
382 687 707 746 Redarguuntur
728 688 867 744 itaque
890 686 971 728 hoc
994 686 1037 728 in
1054 686 1149 727 loco
1167 684 1237 741 qui
1256 685 1424 726 unicam

68 752 178 795 hane
209 755 335 798 vitam
364 766 514 814 putent
547 765 656 806 csse,
682 772 773 814 quae
805 757 855 799 sit
891 758 932 799 in
959 757 1041 798 hoc
1074 757 1224 797 saeCulo
1253 754 1424 810 (omnia

68 823 187 879 plena
210 825 368 882 lapsus,
393 829 517 884 plena
539 828 730 869 moeroris
756 830 878 877 sunt)
898 859 908 874 ‚
934 835 974 868 et
992 827 1301 883 redarguuntur
1325 825 1425 867 sim-

68 891 165 947 plici
187 894 293 935 serie
323 901 550 952 gestorum.
586 898 696 939 Ecce
718 898 831 939 enim
864 897 1023 953 justus,
1058 897 1257 937 innocens
1272 928 1281 943 ,
1305 895 1397 952 pius
1412 927 1422 942 ‚

67 969 239 1018 pr'opter
260 966 432 1021 gratiam
459 967 692 1009 devotionis
725 968 817 1009 odia
842 967 980 1008 fratris
1002 967 1246 1013 incurrens,
1271 965 1424 1007 imma-

71 1039 186 1074 turus
207 1034 343 1077 adhuc
361 1036 436 1077 aevi
453 1038 648 1079 sublatus
670 1045 731 1079 est
752 1037 997 1094 parricidi03
1018 1041 1059 1077 et
1082 1036 1248 1091 iniquus
1265 1068 1276 1083 ,
1300 1036 1428 1076 scole-

68 1111 200 1152 ratus5
237 1105 417 1162 impius,
447 1108 572 1148 etiam
608 1108 791 1148 fraterna
830 1106 942 1147 caedc
973 1107 1159 1163 pollutus
1193 1106 1423 1162 longe-evam

67 1173 184 1215 duxit
202 1183 388 1224 aetatem3
414 1177 529 1218 duxit
552 1190 747 1225 uxorem3
769 1177 1058 1234 posteritatem
1081 1176 1274 1232 reliquit,
1293 1176 1420 1216 urbes

67 1244 272 1294 condidit,
298 1254 341 1288 et
362 1247 442 1289 hoc
465 1247 619 1288 meruit
647 1247 923 1304 permissione
946 1247 1097 1288 divina.
1127 1246 1275 1287 Nonne
1295 1245 1336 1287 in
1358 1245 1422 1287 his

67 1321 207 1370 aperte
236 1322 315 1357 vox
334 1316 411 1358 Dei
433 1316 618 1359 clamat?
640 1317 821 1365 Erratis,
845 1317 915 1373 qui
939 1316 1094 1373 putatis
1124 1316 1192 1357 hic
1216 1331 1304 1357 csse
1326 1330 1422 1356 om—

65 1398 163 1426 nem
185 1384 348 1427 vivendi
375 1387 549 1444 gratiam
577 1403 585 1428 :
612 1391 698 1429 nou
722 1387 974 1444 intelligitis,
1004 1401 1089 1428 non
1116 1385 1328 1427 advertitis
1354 1400 1422 1426 se-

65 1461 280 1496 nectutem
296 1455 406 1498 hanc
422 1457 684 1499 miseriarum
703 1473 793 1499 esse
809 1466 1066 1504 veteranam,
1085 1455 1421 1513 processionem-

65 1530 146 1580 que
167 1526 297 1568 aetatis
317 1543 602 1571 aerumuarum
625 1529 852 1587 stipendia,
881 1530 924 1570 'et
955 1529 1110 1584 scylleo
1134 1526 1318 1583 quodam
1340 1535 1420 1566 usu

66 1594 366 1639 circumsonari
388 1614 464 1640 nos
495 1600 746 1656 quotidianis
770 1599 996 1656 naufragiis
1014 1618 1023 1647 ·‚
1050 1597 1171 1640 tundi
1190 1596 1390 1638 fluctibus
1407 1628 1418 1643 ‚

65 1663 107 1705 in
125 1667 354 1723 scopulosis
374 1668 624 1712 habitaculis
646 1672 797 1728 degere
811 1702 822 1719 ,
849 1678 891 1712 ct
911 1670 954 1710 in
975 1669 1039 1711 his
1063 1667 1284 1716 delectnrb
1310 1667 1418 1724 sicut

65 1735 168 1778 illud
189 1752 275 1778 non
296 1746 604 1796 tamffiternum
627 1742 804 1790 animal,
830 1756 955 1797 quam
978 1740 1213 1781 immortale
1233 1736 1421 1779 malum?

65 1805 174 1863 Ergo
190 1815 232 1848 et
254 1807 319 1848 isti
338 1807 440 1850 Cain
461 1811 699 1867 longaevitas
717 1812 879 1853 indulta
894 1843 904 1859 ,
928 1810 1114 1853 vindicta
1134 1816 1216 1855 est;
1237 1823 1287 1849 eo
1305 1808 1419 1863 quod

22 1906 27 1910 .
61 1875 161 1917 vixit
183 1876 222 1917 in
245 1886 384 1925 metu,
413 1886 455 1919 et
485 1881 695 1935 prolixum
721 1881 902 1936 spatium
924 1881 1056 1920 multo
1082 1878 1270 1920 cucurrit
1292 1886 1333 1919 et
1356 1878 1421 1917 in-

62 1944 277 1988 fructuoso
299 1948 468 1996 labore,
498 1964 579 2004 qua
609 1963 733 2006 poena
766 1949 872 1991 nihil
898 1949 1061 2006 gravius
1093 1963 1219 2004 quam
1252 1956 1298 1988 ut
1329 1947 1421 2003 quis

62 2015 149 2073 ipsc
171 2017 249 2058 sibi
271 2017 481 2073 majorum
507 2034 630 2060 causa
663 2034 885 2076 poenarum
909 2019 972 2060 sit.
1010 2018 1114 2060 lide
1142 2018 1268 2074 igitur
1292 2032 1419 2073 quam

62 2095 261 2143 perpetua
292 2087 373 2128 vita
395 2087 627 2143 justorum,
657 2098 698 2131 et
730 2091 842 2130 nulla
877 2090 927 2131 sit
966 2088 1280 2144 improborum!
1309 2087 1419 2129 ‹Iusti

63 2156 228 2213 sanguis
254 2158 406 2198 clamat
427 2165 470 2199 et
490 2159 670 2207 mortui,
696 2159 780 2200 vita
806 2167 945 2200 autem
977 2158 1210 2216 peccatoris
1241 2158 1419 2199 abscon-

64 2226 187 2268 ditur.

121 2298 359 2340 XXXVIII.
399 2299 588 2340 Tertium
610 2309 690 2348 est,
719 2300 914 2356 quonian}
940 2314 1037 2340 cum
1062 2298 1331 2355 parricidium
1354 2314 1419 2339 cs—

63 2377 125 2411 set
146 2369 398 2428 admissum,
426 2369 507 2410 hoc
530 2377 610 2417 est,
638 2372 844 2411 scelerum
869 2369 1150 2426 principatus,
1176 2368 1248 2409 ubi
1271 2384 1419 2425 pecca-

63 2446 151 2480 tum
165 2439 370 2496 obrepsit,
390 2439 529 2481 statim
539 2448 581 2482 et
596 2441 663 2482 lex
679 2441 828 2482 divinae
847 2438 1179 2481 mansuetudinis
1198 2436 1412 2495 prorogari

64 2508 207 2551 debuit
221 2526 233 2558 3
252 2524 304 2550 ne
322 2509 354 2550 si
368 2509 568 2552 continuo
586 2510 844 2553 vindicatum
866 2518 975 2552 esset
994 2510 1035 2551 in
1056 2525 1178 2551 reum
1194 2541 1204 2556 ,
1227 2509 1417 2550 homines

63 2593 228 2638 quoque
250 2579 292 2622 in
304 2579 554 2623 vindicando
571 2582 729 2624 nullam
740 2580 985 2640 patientiam
999 2578 1416 2638 moderationemque
