1742 3233
438 304 490 331 m:
525 304 621 331 cam*
654 305 706 331 ET
744 304 859 331 Anni„
897 305 978 331 Lm.
1016 304 1041 331 1.
1335 290 1418 335 365

60 398 189 427 unam
212 383 349 424 lucem
367 380 517 421 debeat
536 381 707 436 credere
728 380 953 422 Trinitatis.
975 378 1163 428 Eienim,
1188 380 1258 435 qui
1282 379 1421 423 fideli-

60 463 127 497 ter
147 450 376 499 sacrificat,
408 450 493 491 dios
516 451 655 499 lucet,
689 466 770 492 nox
799 452 912 491 nulla
939 458 1012 491 est.
1042 449 1110 491 Sic
1138 458 1180 491 et
1209 450 1250 491 in
1273 450 1418 493 Exodo

59 525 223 581 Moyses
242 522 320 563 ait:
349 538 365 558 «
382 519 500 561 Viam
524 520 650 562 trium
667 520 830 561 dierum
849 519 1018 566 ibimus,
1043 528 1084 561 et
1106 520 1418 564 immolabimus

60 593 269 636 »Domino
299 591 387 632 Deo
407 597 548 630 nostro
569 589 600 631 ¹.
629 608 644 628 »
673 589 757 631 Sed
777 589 902 631 etiam
930 588 1026 630 alibi
1055 604 1150 630 cum
1177 590 1286 632 visus
1312 599 1421 633 esset

58 664 171 708 Deus
194 664 245 703 ad
268 660 444 702 Abrahae
464 661 514 701 ad
532 660 670 701 ilicem
694 660 880 702 Mambre
900 675 908 700 :
942 659 1238 716 «Respiciens,
1256 660 1416 716 inquit,

57 731 303 775 »Abraham
328 730 458 771 oculis
477 729 558 771 suis
581 729 706 778 vidit,
730 738 771 772 et
788 745 889 771 ecce
908 738 989 771 tres
1006 729 1082 771 viri
1104 731 1271 772 stabant
1294 747 1419 788 super

57 820 75 842 n
88 817 201 843 eum.
216 800 269 842 Et
285 800 428 846 videns
443 799 628 840 occurrit
645 799 809 840 obviam
826 799 902 840 illis
923 800 974 840 ad
991 799 1142 840 ostium
1156 800 1417 843 tabernaculi

57 890 75 912 ι
89 871 169 919 sui,
189 879 229 912 et
247 870 432 911 adoravit
454 885 579 927 super
599 878 768 917 terram,
788 877 829 911 et
851 869 974 910 dixit:
994 869 1198 918 Domine,
1224 871 1255 911 si
1277 871 1416 914 iuveni

58 941 263 998 »gratiam
285 947 379 981 ante
408 948 445 980 te
463 939 492 980 ².
520 958 535 978 n
563 940 663 981 Tres
685 939 812 985 videt,
829 955 960 980 unum
985 940 1141 981 adorat.
1171 941 1272 982 Tres
1294 956 1420 982 men—

57 1026 176 1054 suras
198 1008 319 1051 offert
342 1008 581 1064 similaginis
599 1008 627 1050 ³.
651 1009 756 1051 Nam
778 1009 855 1050 etsi
875 1009 1107 1050 immensus
1127 1009 1255 1056 Deus,
1277 1018 1416 1052 tamen

56 1095 298 1123 mensuram
316 1079 504 1120 omnium
527 1086 656 1126 tenet,
681 1079 787 1119 sicut
805 1078 1008 1136 scriptum
1024 1087 1111 1120 est:
1139 1097 1154 1117 «
1175 1080 1279 1130 Quis
1303 1095 1420 1123 meu-

57 1165 158 1192 »sus
194 1157 256 1190 est
286 1156 413 1188 manu
446 1162 620 1203 aquam,
653 1156 695 1189 et
725 1149 878 1188 coelum
910 1150 1074 1205 palmo,
1108 1157 1149 1190 et
1180 1150 1419 1194 universam

56 1238 74 1261 v
91 1227 243 1261 terram
266 1219 406 1259 clausa
427 1232 556 1258 manu
573 1216 583 1236 ⁵
613 1217 662 1257 9»
693 1217 892 1259 Perl‘cctae
914 1218 1039 1274 igitur
1061 1217 1102 1258 iu
1125 1220 1311 1275 personis
1334 1221 1417 1262 sin-

57 1290 164 1347 gulis
185 1288 377 1331 Trinitati
394 1321 404 1335 ‚
428 1288 626 1329 interiore
648 1287 799 1329 mentis
825 1303 993 1337 arcano,
1014 1288 1095 1330 hoe
1117 1297 1194 1336 est,
1225 1289 1416 1347 similagi-

56 1361 121 1403 nis
137 1358 332 1417 spiritalis
349 1365 517 1399 sanctus
531 1357 773 1399 Patriarcha
794 1357 1047 1400 sacrificium
1069 1359 1293 1401 deferebat.
1316 1360 1416 1402 Haec

56 1439 121 1472 cst
145 1430 332 1486 similago
349 1460 360 1476 ‚
392 1443 517 1484 quam
548 1427 589 1468 iu
615 1428 839 1483 Evangelio
869 1430 997 1469 molet
1023 1430 1173 1470 mulier
1201 1430 1290 1477 illa,
1325 1445 1416 1485 quse

58 1507 317 1543 assumetur:
350 1516 365 1536 «
388 1499 476 1539 [na
501 1483 640 1545 cnim',
666 1498 823 1553 inquit,
848 1506 1104 1546 assumetur,
1135 1500 1262 1541 altera
1294 1499 1418 1541 reliu-

57 1577 239 1626 uquetur
260 1568 290 1610 ⁵.
323 1586 338 1606 »
373 1567 621 1609 Assumetur
643 1567 827 1609 Ecclesia
845 1600 856 1615 ,
889 1568 1148 1625 relinquetur
1175 1569 1409 1627 Synagoga.

54 1639 138 1685 Vel
152 1655 269 1681 mens
287 1639 396 1680 bona
420 1637 657 1685 assumitur,
678 1637 871 1695 improba
895 1639 1211 1695 derelinquitur.
1241 1641 1293 1681 Ut
1311 1641 1415 1684 scias

58 1719 199 1753 autem
217 1709 309 1766 quia
334 1716 375 1750 et
396 1707 607 1750 Abraham
627 1707 667 1747 ln
687 1707 898 1749 Christum
918 1708 1096 1750 credidit
1116 1724 1124 1749 :
1153 1709 1413 1759 «Abraham,

57 1781 239 1838 »iuquit,
264 1780 375 1821 diem
398 1793 538 1819 meum
564 1777 678 1824 xidit,
703 1785 745 1819 et
766 1777 927 1834 gavisus
947 1786 1006 1819 est
1032 1777 1061 1820 ⁶.
1081 1796 1096 1816 »
1128 1778 1180 1820 Et
1197 1780 1267 1835 qui
1285 1781 1418 1822 credit

58 1850 101 1892 iu
129 1850 363 1896 Christum,
396 1847 527 1889 credit
550 1855 591 1888 ct
618 1847 659 1887 in
688 1847 866 1889 Patrem.
894 1848 946 1889 Et
969 1847 1039 1905 qui
1071 1847 1255 1904 pei-secte
1285 1849 1418 1891 credit

55 1919 101 1961 in
126 1920 319 1966 Patrem,
349 1917 482 1959 credit
512 1917 552 1957 in
580 1916 732 1957 Filium
760 1925 800 1959 et
836 1917 1039 1973 Spiritum
1071 1926 1275 1960 sanctum.
1314 1920 1416 1961 Tres

56 2005 156 2046 ergo
184 2003 412 2034 mensur-ze,
438 2001 521 2027 una
543 1985 754 2043 similagO,
781 1986 861 2028 hoc
886 1995 971 2034 est,
998 1999 1129 2028 unum
1152 1997 1240 2030 erat
1263 1989 1416 2030 sacrifi-

56 2059 172 2101 cium
206 2059 321 2115 quod
361 2055 587 2098 venerabili
622 2055 813 2097 Trinitati
828 2088 838 2103 ,
876 2056 964 2113 pari
1002 2058 1181 2112 quadam
1222 2073 1417 2101 mensura

57 2128 290 2172 devotionis
305 2160 315 2177 ,
336 2135 376 2169 et
393 2142 574 2183 congrua
602 2125 861 2183 plenitudiue
883 2126 1048 2183 pietatis
1071 2127 1259 2169 oblatum
1278 2137 1350 2170 est.

76 2222 79 2227 Δ
115 2198 279 2241 XXXI.
315 2197 467 2239 Adhuc
485 2211 692 2254 cognosce
716 2196 861 2236 celeris
876 2195 1009 2237 studia
1025 2197 1281 2239 devotionis:
1305 2217 1320 2236 ι(
1337 2198 1418 2240 Cu-

56 2268 243 2316 n-currit,
267 2267 424 2323 inquit,
450 2275 492 2308 et
517 2265 679 2323 accepit
702 2265 881 2306 vitulum
906 2281 1035 2306 unum
1058 2273 1248 2308 tenerum
1273 2277 1314 2309 et
1335 2269 1417 2310 bo-

2 2342 6 2345 *
57 2354 206 2386 nuum,
223 2345 264 2379 et
285 2337 400 2379 dedit
422 2351 568 2394 puero,
593 2344 630 2376 ct
650 2335 854 2377 festinavit
872 2335 1008 2376 facere
1031 2351 1127 2376 eum
1150 2336 1179 2378 ⁷.
1207 2355 1222 2374 »
1251 2338 1415 2394 Ubique

57 2407 232 2465 impigra
256 2406 420 2449 devotio
441 2439 451 2456 ‚
485 2414 525 2447 et
549 2405 641 2446 ideo
667 2406 755 2446 Deo
781 2405 859 2446 suit
881 2420 1031 2445 munus
1056 2404 1147 2460 ejus
1174 2415 1409 2463 acceptum.

55 2476 195 2521 Habes
216 2485 259 2519 et
281 2476 402 2525 alibi,
426 2484 472 2518 ut
495 2475 590 2517 solis
615 2483 755 2516 ortum
782 2475 970 2516 oratione
994 2475 1221 2532 praexenias
1242 2491 1250 2517 :
1283 2494 1299 2515 «
1325 2476 1415 2520 Oc·-

78 2587 114 2605 ‘¹
135 2581 237 2614 Exod.
257 2582 423 2617 m‚18.—
441 2594 453 2608 2
480 2582 563 2616 Ga-n.
586 2594 688 2622 xviii,
710 2595 739 2619 2,
755 2583 786 2614 5.
807 2602 846 2606 -
862 2582 979 2615 ³1bid.
1000 2583 1030 2614 6.
1047 2602 1085 2606 —
1104 2587 1116 2611 ⁴
1133 2583 1207 2623 Isui,
1229 2596 1281 2626 xz,
1305 2597 1354 2620 12.
1374 2606 1413 2613 -

54 2636 72 2658 '⁵
89 2634 210 2670 Metili.
232 2636 444 2675 xxxv‚41.·—
463 2638 476 2659 ⁶
495 2636 679 2673 Joan.v111,
700 2636 838 2670 56.'—⁷
861 2636 944 2669 Gen.
961 2634 1060 2676 ivm,
1077 2650 1111 2681 7.
1320 2628 1323 2632 ’
