1747 3260
467 259 756 287 nnnmnznox.
795 260 873 287 mn.
913 260 955 287 11.
1331 247 1391 304 69

2 349 5 364 ¹
32 336 189 394 cipitat,
208 335 495 392 magnitudine
512 336 685 393 fragoris
708 337 769 378 sui
787 352 907 379 aures
922 338 1159 378 accolarum
1179 338 1391 387 obstruat,

2 372 6 434 I
32 413 78 447 ut
111 404 303 446 audiendi
336 421 510 448 munere
533 421 675 447 carere
705 406 910 448 dicantur.
948 406 1030 449 Sed
1063 407 1184 449 facile
1211 407 1275 448 his
1299 408 1389 464 ipsa

2 465 256 537 g'respondet
289 475 450 517 veritas.
502 475 606 518 Nam
652 475 723 532 qui
763 476 946 517 tonitrua
980 476 1172 532 audimus
1210 476 1389 519 nubium

33 545 245 588 collisione
270 553 463 602 generata
484 578 495 594 ,
529 554 743 588 tantorum
779 547 946 588 orbium
976 547 1291 595 conversiones,
1318 546 1397 603 qui'

32 615 182 672 majori
207 615 350 672 utique
379 616 485 658 sicut
506 625 624 658 motu
651 616 750 658 ferri
778 617 1052 665 aestimantur,
1079 618 1133 659 ita
1165 617 1395 658 vehemen-

2 714 3 721 κ
35 687 159 730 tiores
190 686 352 728 sonitus
384 687 640 737 excitarent,
677 703 761 730 non
786 688 1057 730 audiremus?
1083 688 1257 730 Addunt
1287 703 1390 745 prae·

1 753 5 817 ξ
37 766 150 799 terea
173 757 268 798 ideo
291 771 440 798 sonum
464 757 578 799 hunc
603 773 686 799 non
705 759 922 816 pervenire
946 760 998 800 ad
1020 767 1150 800 terras
1167 791 1178 807 ,
1203 774 1256 800 ne
1283 757 1401 815 capti

1 820 5 880 ξ
35 826 224 869 homines
262 842 337 884 per
368 827 613 869 suavitatem
652 827 742 884 ejus
780 836 901 884 atque
936 827 1228 876 dulcedinem,
1266 841 1393 883 quam

1 886 5 907 ⁸
36 896 279 939 celerrimus
311 898 378 939 ille
409 900 614 940 coelorum
654 898 782 940 efficit
823 907 961 939 motus
981 931 991 945 ,
1025 899 1076 938 ab
1117 897 1395 939 orientalibus

1 964 5 1023 ’ξ
36 968 223 1026 partibus
246 984 377 1025 usque
407 969 448 1010 in
477 984 674 1010 occasum
697 1001 708 1016 ,
733 968 900 1025 propria
926 966 1090 1024 negotia
1115 975 1240 1023 atque
1268 981 1396 1024 opera

0 1056 4 1074 ι
38 1037 389 1093 derelinquerent,
416 1046 457 1080 et
482 1037 620 1079 omnia
646 1037 714 1079 hic
737 1038 867 1079 otiosa
889 1035 1179 1085 remanerent,
1209 1038 1395 1093 quodam

1 1086 5 1152 l
40 1109 233 1150 humanae
262 1109 314 1149 ad
341 1109 529 1150 coelestes
553 1122 674 1150 sonos
695 1108 847 1150 mentis
878 1123 1061 1150 excessu.
1092 1108 1176 1149 Sed
1207 1123 1272 1155 ea,
1301 1122 1394 1163 quae

0 1161 5 1229 l
42 1187 138 1220 sunt
159 1178 289 1220 aliena
309 1193 328 1219 a
348 1178 485 1220 studio
507 1187 649 1220 nostro
664 1211 674 1227 ,
701 1187 743 1220 et
762 1194 781 1220 a
808 1179 955 1220 ‹livinae
972 1177 1163 1221 lectionis
1186 1176 1292 1219 serie
1307 1209 1318 1225 ,
1348 1176 1396 1218 iss

1 1235 3 1250 Ι

0 541 5 622 ss

2 652 5 706 ι

1 1255 5 1308 2
42 1249 112 1306 qui
131 1248 230 1290 soris
259 1257 380 1298 sunt,
412 1250 697 1306 relinquamus
720 1265 728 1291 :
749 1265 832 1292 non
857 1250 1132 1292 inhaereamus
1156 1248 1404 1306 Scriptura·

0 1335 5 1376 ᾖ
43 1334 136 1361 rum
159 1319 390 1362 coelestium
417 1319 671 1377 magisterio.

2 1378 5 1392 .

2 1405 5 1421 Ι

1 1455 6 1514 ‘-
41 1470 207 1486 svvuumu
215 1471 438 1489 naevwwnwuq
443 1470 894 1487 wxswmmxwmmvwwsm
903 1469 990 1485 »suas
995 1471 1075 1485 wxuae
1083 1470 1170 1485 sus-A
1176 1469 1308 1486 numus
1314 1470 1354 1485 xxx
1359 1469 1407 1486 §w

2 1518 6 1559 Ι

2 1567 5 1586 l

3 1600 5 1618 '
578 1595 755 1639 CAPLssT
786 1595 857 1637 III.

46 1752 409 1798 Firmamentum
437 1771 526 1798 non
551 1755 671 1797 idem.
695 1770 778 1797 esse
806 1770 856 1795 ac
883 1753 1038 1795 coelttm
1073 1768 1085 1792 .·
1110 1765 1236 1793 veras
1269 1764 1411 1806 aquas

107 1839 235 1880 supet·
265 1827 355 1881 ipso
381 1825 566 1868 residere
593 1840 823 1881 perperam
845 1823 1001 1881 negari
1012 1839 1028 1871 ,·
1063 1822 1193 1876 idque
1223 1820 1402 1862 οεὶεηάῖ

103 1896 360 1954 Scriptura,
383 1895 618 1952 exemplis,
650 1910 702 1937 ac
725 1893 966 1951 Ίηιιίιὶρίῖοὶ
997 1893 1170 1933 ratione
1190 1907 1202 1932 .·
1231 1888 1308 1932 ubi
1326 1889 1410 1944 qm*

102 1968 298 2010 calidam
320 1968 400 2010 soli
427 1976 638 2009 naturam
673 1967 807 2008 inesse
827 1963 982 2007 nolunt
998 1997 1008 2016 ‚
1034 1963 1347 2004 revincuntur.

106 2107 215 2151 VIII.
251 2106 512 2149 Pnoposmnu
541 2105 668 2163 igitur
714 2103 835 2146 nobis
866 2110 958 2151 est,
995 2100 1090 2158 quia
1125 2098 1226 2141 dixit
1258 2096 1371 2139 Deus
1395 2110 1412 2137 τ

60 2196 75 2216 ¹
89 2178 182 2221 Fiat
197 2176 509 2219 firmamentum
532 2176 641 2218 inter
662 2174 849 2216 medium
871 2188 1001 2230 aquae,
1021 2179 1063 2213 et
1088 2169 1140 2212 sit
1164 2168 1410 2211 discernens

53 2248 190 2290 »inter
213 2263 363 2305 aquam
385 2255 426 2289 et
452 2245 642 2303 aquam‘.
671 2263 686 2284 »
718 2244 770 2286 Et
790 2243 891 2286 hinc
914 2248 1136 2288 tractatur,
1161 2246 1306 2280 utrum
1327 2236 1410 2278 hoc

52 2316 368 2361 firmamentum
391 2318 571 2375 appellet
595 2315 710 2373 quod
732 2323 828 2356 ante
847 2313 933 2371 jam
956 2311 1077 2360 fecit,
1107 2311 1157 2351 de
1181 2323 1264 2365 que
1286 2305 1419 2364 scrip·

57 2396 145 2430 tum
177 2396 239 2430 est
263 2403 273 2430 :
317 2406 332 2426 ι(
353 2388 402 2429 In
426 2385 634 2445 principio
663 2384 764 2427 fecit
792 2385 905 2427 Deus
938 2384 1093 2425 coelum
1126 2388 1168 2421 et
1197 2387 1367 2420 terram.
1390 2395 1408 2415 ι

56 2456 140 2500 Nec
164 2457 268 2500 fallit
285 2458 398 2515 quod
422 2456 548 2514 aliqui
573 2464 669 2499 ante
691 2470 765 2499 nos
783 2454 838 2498 ita
856 2451 1120 2511 acceperint,
1146 2465 1194 2492 eo
1213 2448 1326 2505 quod
1348 2460 1426 2488 su-

104 2588 113 2603 ¹
137 2581 219 2612 Gen.
241 2588 264 2618 ι,
283 2577 314 2611 6.
