1742 3233
470 316 523 343 DE
559 313 766 343 ABRAHAM.
804 313 882 342 Lm.
923 314 965 341 Π.
1314 305 1395 347 611

51 391 362 443 circumcidunt
390 405 547 441 mares,
582 400 624 434 et
654 391 834 435 foeminae
872 393 984 448 apud
1014 405 1085 437 eos
1113 394 1264 436 eodem
1294 409 1402 436 anno

50 463 299 506 circumcidi
328 462 542 511 {brumum
566 464 680 519 quod
705 463 756 504 ab
791 476 841 503 eo
872 462 1070 504 videlicet
1098 478 1207 506 anno
1235 464 1410 521 incipiat

50 532 227 591 flagrare
258 533 393 590 passio
430 532 584 582 virilis,
617 541 659 575 et
696 533 968 576 foeminarum
997 543 1211 576 menstrua
1246 545 1414 578 sumant

52 604 233 646 exordia.
265 602 387 660 Legis
414 611 555 644 autem
578 604 686 645 lator
705 610 871 644 aeternae
902 602 1165 659 signaculum
1187 604 1407 646 circumci—

52 674 178 724 sionis
198 674 374 716 carnalis
391 673 434 714 in
457 674 553 715 solis
578 673 764 715 maribus
780 672 930 729 exigit,
955 687 1004 714 eo
1030 675 1143 729 quod
1166 676 1218 715 ad
1242 675 1406 716 mixtio-

54 745 116 788 nis
145 759 269 788 usum
294 744 357 787 vir
380 744 556 786 muliere
576 744 865 787 vehementior
892 743 966 791 sit3
1001 751 1042 785 et
1063 744 1157 786 ideo
1185 745 1312 802 ipsius
1337 745 1410 787 ini-

55 824 202 873 petum
222 814 448 873 infringere
467 815 600 858 voluit
615 814 949 857 circumcisionis
965 814 1193 872 signaculo,
1217 815 1292 858 Vel
1315 817 1411 872 quia

56 885 133 927 viri
148 885 263 927 licito
274 900 319 927 se
331 900 472 927 errare
488 886 689 934 credunt,
714 885 747 927 si
762 876 849 927 solo
871 899 914 926 se
928 883 1163 926 abstineant
1178 885 1382 928 adulterio
1399 902 1409 927 ε

57 954 317 997 meretricios
335 963 475 997 autem
486 970 586 997 usus
603 964 803 1011 tanquam
818 954 898 1012 legi
916 962 1074 996 naturae
1093 963 1316 1012 suppetere
1332 972 1414 1014 pu-

61 1032 151 1066 tant
160 1042 171 1074 3
198 1039 298 1067 cum
314 1033 467 1082 praeter
488 1025 734 1082 conjugium
756 1039 834 1074 nec
855 1024 944 1065 viro
964 1024 1112 1073 liceat,
1136 1039 1214 1066 nec
1233 1025 1414 1068 soeminae

61 1095 229 1137 misceri
253 1094 384 1137 alteri.
423 1094 582 1136 Altiore
603 1103 744 1135 autem
766 1093 1111 1148 interpretatione
1134 1093 1238 1134 illud
1266 1084 1416 1150 pandi-

64 1175 146 1216 tur,
163 1167 280 1223 quod
300 1166 333 1208 si
358 1180 477 1207 mens
494 1172 668 1221 purgata
689 1172 731 1205 et
751 1161 1001 1204 circumcisa
1021 1163 1099 1211 sit,
1123 1172 1246 1206 exuta
1266 1180 1417 1223 super-

64 1235 158 1287 ssuis
185 1235 470 1292 voluptatibus
500 1243 542 1276 et
569 1233 892 1290 cogitationibus
920 1232 1133 1290 restringit
1162 1234 1342 1276 animam
1366 1238 1418 1278 ad

66 1307 130 1348 sui
147 1305 460 1354 castimoniam,
484 1305 684 1362 purisque
705 1303 894 1345 sensibus
918 1301 1099 1344 infusam
1121 1303 1332 1347 bonorum
1354 1304 1417 1346 sa—

65 1377 122 1420 cit
142 1386 340 1435 partuum
357 1375 674 1434 generatricem.

124 1447 322 1490 LXXIX.
361 1446 522 1489 Octavo
548 1453 689 1487 autem
712 1444 780 1486 (lie
802 1443 1049 1486 circumcidi
1072 1459 1250 1501 puerum
1273 1446 1339 1487 lex
1358 1447 1420 1502 ju-

64 1518 138 1560 bet
150 1552 161 1569 ‚
182 1519 364 1576 ,mystico
386 1517 533 1574 utique
548 1524 759 1575 praecepto
774 1547 784 1563 ‚
803 1515 899 1571 quia
915 1515 1005 1572 ipse
1022 1523 1086 1556 est
1100 1518 1421 1560 resurrectionis

67 1589 154 1632 dies
167 1607 178 1639 3
202 1589 417 1632 dominica
439 1588 552 1630 enim
583 1588 650 1630 die
671 1584 897 1628 resurrexit
920 1585 1125 1626 Dominus
1146 1585 1280 1628 Jesus.
1311 1588 1422 1645 Ergo

68 1660 101 1702 si
130 1660 216 1703 dies
242 1657 559 1702 resurrectionis
590 1655 862 1699 circumcisos
893 1669 968 1696 nos
1000 1662 1042 1696 ct
1066 1663 1210 1697 exutos
1235 1656 1423 1700 inveniat

68 1732 320 1774 delictorum
342 1728 588 1787 superfluis,
626 1727 676 1769 ab
698 1726 812 1767 omni
836 1725 1001 1767 ablutos
1023 1726 1147 1767 sorde
1163 1758 1174 1774 ,
1198 1729 1378 1769 mundos
1401 1744 1424 1770 a

68 1803 176 1846 vitiis
197 1800 485 1859 corporalibus
498 1831 508 1847 ‚
533 1798 566 1839 si
581 1797 681 1839 hinc
696 1796 880 1837 mundus
896 1794 1042 1837 exieris
1058 1828 1068 1843 ,
1087 1797 1270 1838 mundus
1288 1812 1423 1839 resur-

69 1888 153 1931 ges.
183 1870 450 1914 Circumcide
474 1868 597 1926 igitur
618 1876 659 1909 te
681 1881 766 1908 non
788 1880 914 1907 carne
932 1897 942 1913 ‚
967 1866 1039 1907 sed
1059 1865 1158 1906 vitio
1175 1866 1343 1908 carnali.
1372 1868 1425 1909 Et

70 1942 327 1985 circumcide
352 1948 473 1983 tuum
495 1954 581 1980 non
603 1939 739 1979 solum
760 1936 1032 1978 vernaculum
1046 1968 1057 1984 ‚
1089 1937 1305 1978 sedetiam
1326 1954 1425 1995 prc—

69 2014 126 2056 tio
157 2021 359 2071 emptum.
391 2010 436 2052 Si
457 2011 510 2052 ad
532 2009 691 2066 singula
712 2007 866 2049 referas
881 2039 892 2055 ,
924 2008 1139 2048 vernaculi
1165 2017 1261 2050 sunt
1281 2017 1422 2052 motus

68 2085 279 2128 naturales
305 2098 314 2124 :
339 2081 473 2140 pretio
509 2079 639 2137 empti
662 2111 672 2127 ,
714 2078 875 2119 ratione
909 2085 950 2118 ct
985 2077 1172 2118 doctrina
1214 2079 1416 2134 acquisiti.

68 2156 204 2214 Egent
225 2162 366 2196 autem
381 2160 424 2193 et
438 2151 498 2193 illi
516 2158 559 2192 et
579 2149 648 2198 hi,
667 2156 868 2204 tanquam
890 2146 1066 2203 virgulta
1081 2179 1091 2194 ,
1119 2148 1366 2204 purgatione
1382 2160 1425 2193 et

71 2226 273 2269 incisione
298 2222 471 2266 luxuriae
486 2238 497 2270 3
527 2236 580 2262 ne
605 2226 832 2275 evagentur
865 2225 913 2258 ut
939 2216 1093 2259 sterilia
1117 2227 1349 2268 sarmenta,
1382 2230 1425 2262 ct

72 2297 330 2344 obumbrent
360 2291 522 2336 inutilia
545 2289 782 2333 fructuosis.
817 2287 942 2331 Velut
966 2288 1157 2343 quccdam
1181 2289 1295 2331 omni
1324 2291 1423 2332 vitio

73 2368 250 2411 distenta
271 2365 415 2408 multis
438 2364 645 2405 incassum
661 2360 823 2402 laborat
844 2373 853 2399 τ
877 2357 961 2415 [ita
980 2359 1213 2400 cavendum
1230 2374 1282 2401 ne
1299 2361 1424 2403 etiam

72 2446 216 2485 nostra
230 2451 349 2480 mens
370 2435 560 2494 pluribus
583 2439 787 2489 occupata
804 2428 924 2486 (59),
949 2443 1034 2470 non
1049 2430 1187 2470 solum
1207 2430 1341 2473 bonos
1356 2432 1424 2473 in-

73 2516 245 2568 generet
266 2515 409 2566 partus
421 2539 432 2558 ‚
463 2504 535 2547 sed
556 2503 681 2546 etiam
703 2500 920 2544 inutilibus
942 2499 1151 2556 plerisque
1175 2499 1422 2558 degeneret3

74 2580 197 2623 simul
210 2587 267 2622 -ut
279 2579 377 2621 vitis
391 2584 536 2636 putata
549 2589 637 2617 non
651 2573 772 2616 facile
796 2572 999 2628 sylvescat
1009 2604 1021 2623 ,
1047 2570 1298 2613 dissolvatur
1316 2573 1401 2617 cito
1412 2608 1422 2624 ,

74 2653 148 2697 sed
167 2649 398 2711 posteritati
414 2654 661 2692 reservetur.
683 2643 788 2689 Nam
805 2650 847 2686 et
863 2640 1064 2700 ingeniosi
1080 2642 1212 2686 multa
1230 2643 1421 2700 pariunt,

1208 2712 1274 2771 39.
