1747 3260
0 2349 6 2375 t

1 2380 7 2461 ¹.

2 2468 7 2499 l

4 2513 8 2546 ἶ

5 2550 9 2587 ἔ

1 2594 8 2622 l

6 2626 9 2684 ἱ

7 2695 10 2717 ι

0 2727 11 2779 »ἓ

9 2858 12 2919 ἵ

10 2924 13 2968 ι

11 3058 15 3074 4

11 3087 15 3115 l

0 3128 15 3164 >l

531 281 818 311 HEXABmmmW.
857 281 934 308 Lm.
975 279 1017 306 11.
1400 267 1454 323 75

100 370 161 405 tet
180 362 293 418 quod
315 359 473 417 ignitus
495 359 642 407 aether,
676 367 718 400 et
744 372 895 415 magno
923 356 1088 399 fervens
1110 369 1263 413 vapore
1282 356 1458 400 rinssam-

99 439 234 475 manet
247 439 380 487 -atque
399 437 596 472 exureret
623 429 761 471 omnia
778 460 789 476 ‚
814 427 893 469 nisi
917 428 1010 484 lege
1037 427 1218 483 quadam
1248 426 1311 467 sui
1338 427 1458 468 cohi-

100 502 224 544 betur
246 500 429 542 auctoris
447 531 459 549 ,
474 507 527 541 ut
548 514 625 541 nec
644 497 840 545 flumina,
859 511 944 537 ‘nec
961 497 1075 538 lacus
1092 528 1104 544 ,
1127 510 1206 537 nec
1224 495 1310 553 ipsa
1327 496 1457 538 maria

101 572 184 614 vim
215 570 304 628 ejus
327 578 501 628 possent
530 567 821 626 restinguere?
848 568 900 609 Et
926 566 1020 608 ideo
1043 567 1224 623 desuper
1246 580 1350 622 aqua
1376 566 1458 607 im-

102 650 200 700 petu
237 642 419 698 quodam
454 641 739 686 descendens,
781 638 823 679 in
855 645 991 679 tantos
1023 638 1271 693 plerumque
1303 636 1457 678 imbres

101 712 324 770 rumpitur,
361 719 407 752 ut
438 710 618 752 flumina
653 718 695 751 et
724 711 839 768 lacus
873 716 1047 765 repente
1076 708 1339 764 repleantur,
1368 706 1456 763 ipsa

101 783 231 825 marla
254 783 478 825 exundent.
510 781 629 822 [nde
652 779 896 836 frequenter
913 787 954 820 et
977 779 1107 819 solem
1125 777 1315 819 videmus
1332 779 1461 820 madi-

103 855 205 895 dum
232 861 354 909 atque
372 859 596 893 rorantem.
626 851 673 892 In
697 865 780 906 quo
805 849 973 891 evidens
998 850 1068 890 dat
1094 847 1320 895 indicium,
1350 848 1463 903 quod

103 924 351 965 alimentum
383 922 460 964 sibi
491 936 698 978 aquarum
725 921 775 961 ad
804 918 1052 975 temperiem
1077 917 1138 959 sui
1161 918 1397 975 sumpserit.

161 992 272 1035 XIV.
311 993 495 1034 Tantum
529 999 672 1032 autem
705 990 815 1031 inest
847 988 926 1030 illis
957 988 1252 1045 impugnandae
1285 987 1469 1030 veritatis

104 1063 314 1111 studium,
342 1071 388 1105 ut
410 1056 542 1103 solem
573 1061 711 1118 ipsum
738 1068 893 1117 negent
925 1059 1068 1101 calidae
1091 1067 1251 1101 naturae
1273 1074 1387 1108 esse;
1412 1075 1461 1102 co

103 1135 217 1190 quod
250 1133 368 1174 albus
400 1132 475 1180 sit,
501 1146 587 1174 non
617 1131 907 1179 rubicundus,
933 1138 1003 1171 aut
1031 1129 1181 1171 rutilus
1211 1129 1254 1171 in
1281 1130 1465 1186 speciem

105 1203 221 1260 ignis.
249 1202 300 1244 Et
317 1203 409 1244 ideo
440 1202 554 1244 aiunt
579 1202 693 1258 quod
712 1215 793 1243 nec
811 1200 963 1258 ignitus
986 1207 1134 1242 natura
1151 1199 1225 1249 sit,
1254 1208 1296 1241 et
1312 1199 1345 1241 si
1363 1202 1465 1258 quid

104 1263 231 1316 habet
248 1273 396 1315 caloris
413 1304 422 1320 ,
441 1272 581 1313 ferunt
597 1287 648 1313 ex
665 1271 794 1314 nimio
812 1278 932 1312 motu
949 1269 1233 1311 conversionis
1253 1270 1458 1312 accidere.

107 1344 233 1396 Quod
256 1343 348 1385 idco
371 1343 599 1384 dicendum
632 1349 808 1399 putant,
844 1349 889 1382 ut
920 1340 1025 1382 nihil
1060 1340 1250 1382 videatur
1279 1341 1469 1384 humoris

107 1402 388 1456 consumere:
415 1412 510 1469 quia
546 1412 733 1453 calorem
771 1426 854 1468 quo
890 1409 1044 1452 humor
1066 1411 1131 1451 vel
1153 1406 1373 1459 minhitur,
1408 1410 1472 1454 vel

106 1485 361 1542 plerumque
394 1482 654 1530 exhauritur,
682 1497 774 1523 >non
808 1481 934 1522 habet
968 1481 1216 1522 naturalem.
1253 1479 1337 1523 Sed
1367 1481 1472 1524 nihil

108 1560 258 1611 agunt,
280 1568 377 1595 cum
393 1552 471 1593 ista
489 1559 776 1609 componunt3
796 1550 892 1607 quia
910 1550 1204 1611 nihilinterest
1217 1583 1228 1599 ‚
1253 1558 1396 1593 utrum
1420 1566 1471 1593 ex

108 1630 260 1665 natura
282 1624 466 1664 calorem
489 1621 580 1678 quis
601 1621 777 1670 habeat,
803 1637 853 1662 an
872 1637 923 1662 ex
938 1621 1156 1678 passione,
1178 1629 1249 1662 aut
1273 1620 1410 1677 aliqua
1425 1636 1476 1663 ex

108 1709 231 1736 causa
245 1711 256 1743 3
282 1694 378 1751 quia
400 1692 504 1750 ignis
531 1691 666 1734 omnis
692 1698 968 1749 consumptor
987 1691 1178 1733 humoris
1201 1699 1286 1740 est,
1311 1693 1376 1733 vel
1391 1691 1469 1733 hu-

108 1763 293 1820 jusmodi
320 1763 504 1805 materiae
520 1796 530 1812 ,
555 1777 683 1819 quam
706 1761 874 1804 flamma
902 1761 1118 1803 consuevit
1153 1776 1343 1803 exurere.
1372 1761 1477 1804 Nam

114 1833 199 1875 sive
222 1849 272 1875 ex
286 1833 407 1891 lignis
424 1833 747 1889 haudquaquam
765 1832 1062 1874 semiustulatis
1075 1864 1086 1880 ,
1110 1833 1183 1873 sed
1199 1832 1306 1873 inter
1324 1847 1365 1873 se
1385 1833 1476 1874 col-

114 1903 221 1953 lisis,
246 1903 351 1962 ignis
368 1919 564 1945 excussus
581 1902 814 1960 excipiatur
829 1901 957 1952 foliis,
976 1902 1103 1945 etiam
1125 1901 1295 1944 flamma
1317 1904 1473 1952 adolet,

120 1987 167 2015 ac
185 1972 218 2014 si
243 1974 294 2015 de
315 1973 409 2031 igne
434 1973 638 2015 accendas
660 1972 798 2014 facem
817 1987 825 2014 :
853 1971 939 2014 sive
963 1973 1014 2014 de
1037 1971 1216 2014 ssammae
1232 1973 1393 2014 lumine
1414 1974 1473 2015 lu-

120 2059 218 2085 men
240 2044 444 2086 accendas
459 2075 469 2092 ,
492 2045 641 2085 eadem
666 2042 824 2100 species
846 2051 888 2085 et
912 2050 1062 2084 natura
1079 2050 1140 2084 est
1161 2042 1330 2084 luminis
1345 2074 1358 2091 ‚
1380 2056 1425 2084 ac
1448 2042 1481 2084 si

122 2114 228 2157 illud
249 2129 334 2156 non
353 2112 674 2171 naturalisignis
694 2113 943 2162 adoleverit,
968 2114 1040 2155 sed
1059 2113 1257 2155 accidens
1269 2127 1394 2154 causa
1417 2127 1490 2169 gc-

124 2184 343 2227 neraverit.
380 2182 460 2227 Vel
489 2183 588 2226 hinc
616 2185 763 2226 saltem
787 2185 1129 2241 contemplentur
1151 2183 1247 2226 solis
1273 2184 1485 2233 calorem,

126 2269 209 2311 quo
228 2254 388 2296 diversa
408 2254 446 2296 ei
469 2254 582 2297 Deus
607 2254 824 2297 constituit
847 2269 994 2297 cursus
1016 2255 1079 2297 sui
1103 2256 1198 2297 loca
1214 2262 1255 2296 et
1274 2261 1486 2310 tempora,-

127 2339 181 2366 ne
205 2323 237 2365 si
259 2339 425 2383 semper
448 2324 489 2366 in
513 2325 660 2367 iisdem
678 2333 919 2367 moraretur
935 2325 1038 2368 locis
1054 2358 1064 2374 ,
1085 2322 1334 2382 quotidiano
1357 2338 1407 2366 ea
1431 2337 1496 2366 va-

120 2409 232 2453 ¹pore
265 2404 472 2439 exureret.
501 2395 614 2440 Mare
637 2397 774 2455 ipsum
806 2397 900 2439 ideo
926 2394 1068 2439 ferunt
1090 2395 1166 2454 ipsi
1193 2395 1344 2437 salsam
1368 2402 1496 2450 atque

132 2478 318 2507 amaram
338 2480 491 2523 aquam
515 2465 699 2516 habere3
715 2465 837 2524 *quod
868 2483 916 2510 ea
948 2482 1041 2525 quae
1062 2465 1198 2509 fluviis
1229 2464 1272 2507 in
1297 2463 1403 2507 freta
1427 2463 1493 2526 in-

133 2532 261 2584 fluat,
296 2537 435 2579 calore
467 2536 728 2586 absumatur,
754 2545 1005 2594 tantumque
1039 2550 1192 2594 vapore
1215 2534 1367 2577 diurno
1389 2547 1495 2575 con-

136 2605 271 2655 sumi,
302 2615 509 2664 quantum
545 2606 734 2665 quotidie
751 2621 809 2651 ex
837 2607 1013 2652 diversis
1035 2604 1270 2652 'fluviorum
1293 2601 1496 2649 ‘emstbus
