1742 3233
352 229 441 283 572
905 242 937 269 s.
976 243 1164 270 Aunnosn

407 316 604 359 XXVIII.
653 335 668 354 (ι
691 316 780 359 Non
806 318 881 367 sit,
915 320 1047 376 inquit
1068 353 1078 369 ,
1109 321 1195 362 rixa
1218 321 1327 362 inter
1347 337 1413 364 me
1440 331 1481 365 et
1504 323 1614 365 inter
1642 332 1705 373 te,

347 395 419 427 »et
452 387 560 427 inter
591 395 778 444 pastores
809 404 925 431 meos
953 399 994 431 et
1018 400 1206 447 pastores
1238 399 1362 439 tuos;
1392 393 1488 448 quia
1519 394 1709 436 homines

347 471 454 497 »nos
480 456 624 498 fratres
642 458 824 508 sumus¹.
849 479 863 498 »
883 461 1083 501 Patruum
1105 461 1281 518 legimus
1305 462 1519 503 Abraham
1535 495 1545 511 ,
1572 471 1613 504 et
1630 462 1708 505 Lot

347 527 441 583 ⁴ejus
472 537 691 585 nepotem;
725 531 936 585 quomodo
968 545 1064 572 eum
1093 531 1264 573 fratrem
1292 532 1504 588 appellat?
1528 532 1612 574 Sed
1639 535 1707 575 ad-

351 605 467 638 verte
500 598 594 654 quia
628 613 772 641 causas
796 601 1031 642 concordia:
1055 601 1216 658 sapiens
1250 590 1431 644 adhibet.
1462 604 1578 644 [nde
1602 618 1709 660 prae-

352 667 466 709 misit
493 682 501 708 τ
527 669 765 710 «Homines
802 685 878 711 nos
916 687 1072 712 sumus.
1097 690 1111 708 >1
1146 671 1303 713 Omnes
1339 681 1477 713 autom
1520 672 1709 715 homines

355 737 481 777 unius
505 746 664 778 naturae
689 747 833 794 partus
855 749 976 788 sunt,
1006 742 1110 782 intra
1138 740 1228 797 ejus
1246 742 1437 798 concepti
1459 742 1640 790 viscera,
1667 751 1710 784 et

352 822 437 847 uno
458 806 530 848 soti
554 816 678 864 atque
701 809 819 851 effusi
844 819 976 851 utero.
1010 812 1129 852 [nde
1152 812 1272 852 nobis
1294 811 1389 868 jure
1416 811 1598 868 quodam
1622 827 1709 868 ger-

349 876 561 918 munitatis
582 879 695 919 velut
717 879 864 920 fratres
889 881 1183 922 connectimur
1201 882 1251 922 ab
1270 896 1353 922 uno
1379 889 1495 938 patre
1520 880 1706 929 conditi,

350 953 393 986 et
423 962 504 987 una
527 956 659 990 matre
694 957 890 1005 tanquam
916 950 1063 992 fratres
1095 950 1248 992 uteriui
1277 951 1390 992 editi.
1419 951 1471 992 Et
1494 951 1586 991 ideo
1611 965 1710 992 cum

352 1014 481 1057 simus
515 1018 768 1060 rationabilis
800 1029 958 1062 naturae
991 1021 1181 1069 soboles,
1220 1029 1417 1077 tanquam
1453 1021 1605 1062 uterini
1634 1036 1709 1063 nos

355 1086 525 1144 diligere
544 1089 746 1130 debemus
770 1105 911 1132 amore
933 1099 1080 1132 mutuo
1097 1123 1107 1139 ‚
1128 1106 1212 1132 non
1231 1091 1476 1148 impugnai‘e
1499 1106 1545 1132 ae
1568 1105 1711 1148 perse-

352 1157 436 1212 qui.
464 1158 595 1200 Multo
620 1168 760 1201 autem
782 1160 918 1201 verius
943 1163 995 1207 ad
1019 1177 1144 1202 unam
1171 1161 1352 1203 animam
1375 1161 1570 1208 refertur,
1590 1160 1711 1217 cujus

350 1227 598 1270 rationabile
623 1238 821 1286 cobnatos
840 1230 988 1278 habet,
1014 1239 1201 1287 utsupra
1224 1231 1427 1279 diximus,
1450 1246 1596 1272 sensus
1614 1230 1712 1270 irra-

353 1298 575 1353 tionabiles
595 1315 604 1341 :
630 1301 744 1356 quod
767 1309 907 1342 autem
930 1301 1198 1349 rationabile,
1223 1301 1423 1342 virtutum
1441 1301 1568 1342 hahet
1587 1315 1712 1357 copu-

285 1422 303 1425 ⁴.
345 1368 443 1411 lam.
475 1371 591 1412 [nde
616 1371 799 1413 fraterna
822 1373 1003 1428 quadam
1026 1372 1104 1413 sibi
1128 1373 1380 1429 copulantur
1400 1371 1711 1413 necessitudine

345 1438 443 1480 vitia
464 1440 722 1498 virtutesque
748 1441 953 1489 hominis3
970 1442 1077 1498 ‘quia
1099 1441 1167 1483 illa
1185 1442 1387 1490 carnalis,
1416 1441 1504 1483 istae
1526 1441 1713 1482 rationa-

348 1509 442 1551 hilis
461 1510 608 1552 animae
632 1520 743 1553 sunt.
773 1511 879 1552 Caro
908 1520 1047 1553 autem
1072 1520 1195 1567 atque
1219 1511 1355 1553 anima
1378 1511 1507 1553 veluti
1529 1512 1711 1567 quadam

346 1580 439 1637 lege
471 1581 685 1622 sociantur
718 1581 924 1639 conjugii,
957 1598 1006 1624 ex
1033 1583 1184 1638 quibus
1210 1582 1338 1623 homo
1366 1590 1546 1623 constat.
1575 1581 1711 1622 Homo

347 1648 474 1707 igitur
490 1652 602 1692 velut
619 1652 832 1708 portiones
850 1667 944 1693 suas
961 1652 1166 1693 foederare
1185 1653 1309 1693 debet
1323 1685 1333 1701 ,
1352 1660 1477 1708 atque
1497 1652 1550 1693 ad
1565 1665 1712 1708 pacem

349 1735 512 1777 cogere.
552 1721 634 1763 Sed
657 1721 753 1778 quia
777 1737 900 1763 nemo
932 1730 1020 1763 erat
1051 1730 1188 1763 tantus
1210 1721 1281 1778 qui
1305 1736 1475 1762 earnem
1499 1721 1704 1768 vincerem

350 1790 469 1840 ideo,
501 1810 515 1829 «
537 1792 661 1834 ‘Venit
684 1808 764 1849 pax
787 1802 926 1834 nostra
941 1825 951 1840 ,
970 1792 1040 1849 qui
1064 1793 1161 1834 fecit
1183 1800 1359 1848 utraque
1377 1806 1533 1839 unum3
1563 1799 1604 1832 et
1621 1806 1711 1832 me·-

347 1879 364 1900 »
378 1861 493 1902 dium
512 1861 714 1918 parietem
730 1862 921 1903 macer-ize
939 1862 1101 1904 solvens
1114 1895 1124 1910 ,
1143 1862 1382 1903 inimicitias
1400 1861 1440 1902 in
1463 1876 1590 1903 carne
1610 1875 1683 1902 sua
1697 1893 1708 1909 ‚

347 1931 514 1987 »legem
538 1933 836 1973 mandatorum
866 1932 1014 1974 edictis
1041 1947 1268 1984 evacuans,
1305 1940 1352 1972 ut
1374 1933 1478 1972 duos
1511 1932 1713 1972 conderet

344 1999 419 2041 »in
444 2001 693 2058 semetipso,
730 2001 771 2043 in
802 2018 885 2043 uno
922 2017 1028 2044 novo
1071 2002 1242 2044 homine
1271 2002 1427 2043 faciens
1460 2015 1630 2057 pacem,
1666 2006 1712 2040 ut

347 2071 626 2114 »conciliaret
645 2080 848 2129 utrosque
876 2072 916 2114 in
936 2088 1019 2113 uno
1038 2087 1214 2129 corpore
1233 2072 1319 2113 Deo
1332 2104 1344 2119 ,
1370 2086 1445 2127 per
1461 2085 1630 2111 erucem
1648 2069 1713 2110 in-

348 2159 365 2181 »
381 2141 595 2184 terficicns
619 2143 860 2184 inimicitias
888 2143 930 2184 in
952 2141 1216 2199 semetipse-².
1248 2161 1264 2180 »
1297 2142 1427 2184 Recte
1448 2140 1574 2197 igitur
1597 2154 1640 2180 se
1667 2146 1712 2180 ut

346 2210 563 2255 hominem
591 2212 802 2255 infelicem
833 2213 935 2255 dixit
961 2212 1228 2270 Apostolus³,
1268 2211 1339 2268 qui
1365 2219 1528 2252 tantum
1553 2210 1713 2253 bellum

345 2282 455 2324 intra
482 2299 524 2324 se
546 2284 924 2340 pateret111*.-quo‹l
949 2299 1033 2325 non
1058 2283 1186 2341 possit
1211 2283 1480 2340 restinguere.
1516 2280 1712 2337 Denique

345 2366 448 2395 cum
478 2354 529 2394 de
551 2369 633 2394 una
666 2353 935 2410 portiuncula
966 2354 1232 2410 passionum,
1260 2353 1342 2396 hoc
1372 2361 1435 2394 est
1464 2351 1706 2398 iracundia,

350 2422 509 2464 diceret
525 2422 725 2464 Salomon
751 2438 760 2464 :
797 2442 812 2461 u
833 2423 979 2466 Melior
1000 2432 1084 2472 est,
1105 2423 1264 2480 inquit,
1301 2423 1464 2480 sapiens
1483 2421 1581 2463 sorti
1606 2436 1615 2462 :
1641 2419 1713 2476 qui

343 2511 362 2532 ι)
377 2501 518 2535 autem
542 2493 801 2535 iracundiam
820 2494 1033 2542 continet,
1059 2493 1207 2535 melior
1229 2501 1290 2534 est
1314 2507 1441 2549 quam
1465 2491 1535 2548 qui
1559 2490 1710 2532 urbem

394 2590 406 2605 ¹
429 2583 510 2615 Gen.
527 2594 600 2620 xm,
617 2583 647 2616 8.
666 2602 706 2609 -
725 2594 737 2608 2
758 2583 878 2627 Ephes.
900 2595 938 2622 ιι,
957 2583 1067 2622 14-16.
1082 2601 1122 2607 -—
1139 2585 1152 2607 ³
1172 2584 1267 2616 Rom.
1287 2593 1344 2619 vu,
1363 2583 1411 2621 24.
