1742 3233
362 310 450 368 498
904 318 935 345 s.
974 316 1163 344 AMBROsu

360 458 785 473 “sunm-‘vansnssv—
794 455 968 469 coffinum
975 454 1031 465 ⁸⁴>ae
1038 452 1169 464 mmm
1176 449 1460 469 *νικῆν-ΛΜΨ
1467 448 1646 469 mum-zv?
1654 448 1711 458 m

792 598 795 600 ’
828 597 1005 642 CAPUT
1036 595 1235 640 XXXIV.

365 769 521 823 Qualis
549 766 693 810 Cham
723 765 844 807 iuius
864 762 1058 820 improbi
1087 761 1210 818 filius
1237 761 1380 803 senior
1399 760 1537 816 fucrit
1559 774 1573 799 .·
1594 768 1634 800 et
1662 758 1712 799 de

422 839 518 897 filio
549 837 664 879 Chus
692 833 931 878 [vembroth
952 833 1131 890 gigante
1155 841 1194 872 et
1219 840 1449 878 venatore,
1478 831 1604 885 eujus
1632 843 1711 870 no-

420 924 522 951 men
553 906 806 963 eat-ponitur,
841 913 882 946 et
907 919 935 944 a
960 918 1045 958 quo
1072 915 1259 959 regnum
1280 899 1520 957 Babylonis
1540 899 1711 956 caepisse

418 987 705 1021 mamoraluv'.

417 1128 610 1174 CXXVI.
648 1127 764 1170 Num:
791 1140 931 1182 quaero
955 1139 1035 1181 qua
1056 1123 1218 1166 ratione
1242 1122 1374 1165 Cham
1397 1123 1506 1164 illius
1527 1122 1710 1179 improbi

361 1201 496 1242 filium
512 1198 718 1240 seniorem
728 1196 942 1253 Scriptura
965 1194 1090 1236 fuisse
1109 1193 1433 1236 memoraverit?
1448 1194 1542 1236 1)υο
1558 1208 1711 1251 genera

364 1280 485 1312 terrae
500 1301 511 1317 ‚
539 1282 673 1310 unum
690 1267 804 1308 velut
826 1280 1050 1307 arenosum
1072 1272 1115 1305 et
1141 1266 1503 1321 pulverulentum,
1533 1264 1616 1305 imo
1631 1296 1642 1312 ‚
1665 1272 1712 1305 ut
1740 1267 1742 1317 ᾗ

359 1339 592 1397 expressius
625 1337 784 1385 dicam,
812 1335 973 1392 pulvis:
1003 1334 1114 1377 aliud
1136 1336 1266 1391 genus
1298 1342 1420 1376 terrae
1446 1333 1711 1377 fructiferum
1740 1319 1742 1346 ³

360 1418 485 1466 atque
514 1408 787 1455 foecundum,
819 1405 902 1448 hoc
933 1413 1018 1453 est,
1054 1413 1166 1446 terra
1202 1405 1373 1446 solidior
1407 1413 1448 1447 et
1484 1404 1704 1461 profunda.

360 1479 475 1531 Quid
496 1478 621 1535 igitur
636 1476 853 1533 improbus
869 1475 947 1517 nisi
968 1476 1184 1531 pulverem
1201 1483 1394 1532 generat,
1419 1490 1470 1517 ex
1491 1489 1574 1531 quo
1590 1489 1712 1532 gene-

351 1549 461 1591 ratio
483 1562 575 1590 esse
600 1561 686 1589 non
708 1544 869 1603 possit?
894 1545 1079 1601 Ideoque
1103 1545 1312 1602 Propheta
1338 1546 1553 1602 pulverem
1575 1546 1712 1603 impiis

360 1617 621 1676 comparavit
639 1616 784 1658 dicens
803 1631 813 1657 z
831 1615 948 1658 «Non
966 1615 1023 1657 sic
1041 1615 1179 1672 impii,
1204 1631 1289 1658 non
1312 1616 1371 1658 sic
1385 1648 1396 1665 ,
1420 1618 1494 1658 sed
1514 1624 1712 1674 tanquam

357 1689 523 1747 »pulvis
539 1720 550 1736 ‚
581 1701 706 1744 quem
737 1685 908 1743 projicit
936 1693 1085 1726 ventus
1108 1701 1129 1727 a
1150 1685 1255 1727 facie
1282 1685 1449 1729 terrae¹.
1470 1705 1486 1726 »
1511 1687 1571 1730 Eo
1599 1688 1713 1744 quod

356 1760 483 1801 etiam
499 1756 733 1800 secundum
752 1755 943 1797 altiorem
960 1770 1129 1796 sensum
1151 1755 1392 1798 infoecunda
1418 1757 1470 1798 sit
1486 1756 1712 1812 impiorum

356 1830 520 1878 anima,
544 1843 636 1885 quae
658 1828 818 1870 fructus
844 1826 968 1869 utiles
996 1841 1196 1883 generare
1216 1841 1300 1867 non
1321 1827 1463 1882 possit.

419 1897 633 1942 CXXVII.
672 1897 767 1948 Qua
788 1896 950 1938 ratione
970 1896 1097 1938 etiam
1122 1895 1236 1937 Chus
1254 1889 1486 1939 Nemb'roth
1503 1896 1712 1954 gigantem

352 1968 573 2026 genuerit,
593 1966 664 2024 qui
685 1975 776 2009 erat
800 1974 974 2008 venator
996 1974 1093 2008 ante
1111 1965 1278 2008 Deum?
1301 1966 1419 2008 Unde
1440 1966 1601 2008 dietum
1617 1975 1680 2008 est
1698 1982 1709 2008 ε

370 2058 386 2077 «
401 2038 519 2081 Sicut
534 2035 770 2080 Nembroth
792 2036 903 2093 gigas
919 2043 1092 2077 venator
1110 2044 1206 2078 ante
1227 2036 1403 2079 Deum2.
1421 2055 1437 2076 »
1452 2037 1567 2089 Quid
1587 2037 1713 2095 igitur

359 2111 475 2153 aliud
496 2108 631 2167 pulvis
657 2116 699 2150 et
718 2122 842 2150 arena
863 2116 1106 2164 generaret,
1133 2107 1212 2149 nisi
1234 2115 1449 2150 terrenum
1465 2108 1708 2157 hominem3

357 2196 410 2223 eo
444 2181 559 2237 quod
589 2178 741 2236 impius
775 2177 1014 2220 coelestibus
1050 2186 1217 2220 terrena
1246 2186 1476 2236 praeponat.
1513 2179 1711 2236 Gigantes

350 2257 469 2299 enim
510 2257 661 2300 fabulae
699 2256 909 2298 inducunt
944 2255 1162 2297 adversum
1204 2269 1354 2312 supera
1386 2253 1566 2296 voluisse
1603 2267 1712 2310 pug-

357 2342 483 2378 nare,
508 2336 552 2371 et
582 2336 751 2372 terreno
777 2340 952 2370 ascensu
980 2326 1269 2368 scandendum
1298 2327 1350 2368 ad
1376 2326 1560 2370 coelestia
1586 2314 1727 2383 puta-¹

358 2412 384 2440 v
514 2429 523 2442 .

386 2407 650 2515 eEuXtXVIII.
689 2467 847 2511 Altiore
869 2474 1008 2510 autem
1030 2481 1154 2509 sensu
1176 2466 1281 2509 illud
1302 2464 1575 2525 significatur,
1597 2465 1710 2522 quod

354 2541 426 2600 qui
439 2549 626 2586 terrenas
639 2538 770 2597 diligit
779 2538 1035 2595 voluptates,
1060 2551 1128 2579 eas
1151 2535 1355 2593 sequitur,
1375 2544 1418 2579 et
1438 2543 1558 2594 putat
1581 2535 1645 2580 his
1665 2550 1709 2579 se

403 2665 415 2686 ¹
432 2657 518 2695 Pul.
531 2665 554 2697 ι,
571 2655 606 2696 4.
623 2672 663 2683 -
679 2665 696 2702 2
712 2656 796 2703 Gon.
813 2663 845 2696 x,
860 2665 892 2698 9·
