1742 3233
361 318 412 344 ms
448 316 525 344 ΝΘΕ
558 315 610 342 m·
643 314 762 342 Aucti.
803 314 920 341 mmm
952 315 1064 342 mus.
1268 353 1272 357 Ι
1305 303 1387 351 435

47 402 164 444 sunt,
197 394 322 436 etiam
346 394 430 450 ipsa
458 393 547 449 pari
580 392 822 433 delerentur
843 405 1009 432 occasu.
1041 391 1139 434 llaec
1160 392 1392 434 secundum

46 454 276 520 simplicem
296 462 484 504 lectionis
507 462 824 518 expositionem.

101 532 299 576 XXXIV.
336 531 469 573 Altior
492 539 630 572 autem
648 539 690 573 et
713 530 960 588 profundior
981 531 1267 590 interpretatio
1289 534 1393 577 illud

47 603 215 650 attexit,
239 603 351 659 quod
378 601 452 642 ubi
482 601 618 642 anima
645 601 755 641 mole
777 598 1017 657 passionium
1039 610 1235 643 curvatur
1262 604 1390 660 gravi,

45 680 87 714 et
113 673 227 729 quasi
259 672 515 713 diversarum
537 670 816 728 cupiditatum
843 671 1048 729 mergitur
1070 680 1192 721 aestu,
1221 681 1395 715 terrenae

47 757 190 783 omnes
211 741 480 798 cogitationes
508 749 550 781 et
571 740 923 798 concupiscentiae
953 741 995 782 in
1026 757 1211 799 praeceps
1238 750 1392 791 ruunt3

46 811 140 867 quia
155 816 355 868 peccator
375 810 662 866 unusquisque
685 825 767 866 quo
790 811 978 867 graviora
995 810 1149 868 flagitia
1173 812 1397 853 commise-

45 882 125 929 rit,
159 896 208 922 eo
250 880 296 922 fit
326 881 581 922 insolentior.
619 880 809 936 Namque
841 895 920 921 usu
950 889 1072 936 atque
1101 882 1397 923 exercitatione

47 949 289 1007 improbitas
312 958 502 1007 augetur,
521 958 563 991 et
579 949 827 1005 impunitate
849 949 1033 990 nutritur
1056 947 1240 991 audacia.
1262 951 1398 992 Rece-

47 1021 107 1061 dit
140 1020 279 1076 itaque
303 1020 353 1061 ab
381 1020 495 1060 omni
527 1026 721 1075 respectu
743 1017 992 1067 honestatis,
1029 1011 1070 1059 et
1094 1018 1136 1059 in
1160 1034 1210 1060 eo
1231 1027 1397 1060 terrena

46 1090 184 1131 omnia
211 1090 448 1130 moriuntur
470 1088 601 1129 letalis
632 1087 793 1144 peccati
821 1088 1078 1136 acerbitate,
1110 1104 1200 1144 quae
1232 1104 1328 1130 vera
1357 1097 1400 1130 et

45 1167 245 1217 perpetua
272 1167 408 1201 morte
437 1164 707 1214 peccat01e1n
741 1157 889 1198 deleat.
930 1156 1062 1200 Nemo
1092 1159 1204 1200 enim
1236 1159 1398 1216 ‹rravius

45 1226 238 1278 moritur,
262 1234 387 1289 'quam
410 1228 480 1284 qui
501 1235 677 1305 peccato
694 1226 806 1268 vixit.
834 1226 1103 1269 Moliuntur
1093 1244 1135 1268 m
1157 1244 1207 1269 co
1229 1222 1399 1286 singula}

44 1298 254 1356 passiones
280 1312 290 1339 ε
317 1298 496 1339 mot-itm
532 1296 642 1338 'visus
681 1296 752 1352 qui
789 1305 1013 1352 peccatum
1051 1292 1293 1347 annuntiat,
1327 1300 1400 1356 qui

45 1369 211 1411 mulieli
232 1368 368 1410 fallaci
390 1367 589 1416 intendit,
627 1366 697 1423 qui
727 1365 891 1423 capitul
913 1366 1035 1408 alieni
1056 1368 1194 1410 vultus
1219 1371 1396 1418 decore,

47 1453 173 1494 quem
195 1438 306 1480 oculi
320 1436 552 1478 meretricis
572 1434 810 1493 ligaverint,
844 1449 968 1492 quem
997 1445 1188 1493 aspectus
1204 1437 1399 1494 illaquea-

47 1509 153 1551 verit
186 1506 430 1550 fornicariae.
464 1505 616 1547 Annon
645 1505 813 1546 videtur
840 1505 975 1553 mori,
1007 1506 1078 1561 qui
1109 1506 1186 1548 sibi
1214 1500 1399 1550 libidinis

46 1579 177 1620 telum
193 1577 469 1634 impresserit,
488 1576 560 1632 qui
583 1572 835 1632 spontaneus
852 1574 894 1615 in
917 1574 1079 1617 foveam
1095 1577 1240 1619 mortis
1258 1564 1400 1620 'irrue-

47 1648 130 1691 rit?
151 1648 328 1691 Moritur
348 1655 390 1689 et
411 1647 599 1694 auditus,
624 1660 722 1687 cum
743 1644 870 1686 refert
891 1645 1065 1687 crimina
1080 1679 1090 1695 ,
1125 1662 1222 1689 cum
1244 1648 1399 1690 sollici-

49 1718 173 1760 tantis
199 1717 375 1760 adulteri
406 1727 642 1758 sermonem
674 1714 916 1762 annuntiat,
949 1731 1046 1756 cum
1080 1716 1223 1759 inserit
1252 1718 1400 1761 animis

48 1788 176 1830 verba
197 1786 429 1828 meretricis
451 1800 542 1841 quae
570 1784 731 1826 seducit
746 1783 942 1839 juvenem
959 1787 1092 1827 multo
1110 1787 1401 1832 blandimento

51 1844 253 1898 sermonis
264 1872 277 1904 ;
308 1855 471 1911 laqueis.
500 1862 638 1895 autem
672 1853 881 1894 labiorum
914 1869 1085 1896 suorum
1117 1856 1246 1914 illigat
1282 1874 1394 1902 eum.

47 1926 223 1969 Moritur
240 1941 320 1968 vox
340 1924 503 1967 silentio
516 1957 528 1973 ,
549 1924 581 1965 si
602 1938 687 1964 non
705 1921 957 1965 confiteatur
972 1917 1073 1967 Deoss
1101 1925 1276 1968 Moritur
1291 1931 1401 1971 mul-
1452 1968 1456 1971 .

48 1997 244 2053 tiloqui03
265 1995 361 2052 quia
383 1995 585 2051 scriptum
601 2001 662 2035 est
685 2009 694 2034 :
726 2011 742 2031 «
763 1992 824 2034 Ex
838 1994 1102 2051 multiloquio
1125 2012 1210 2039 nou
1227 1999 1399 2057 effugies

47 2065 340 2124 )›‚peccatum³.
374 2065 580 2117 uMoritur
611 2078 687 2126 per
717 2062 1000 2113 iracundiam,
1029 2079 1125 2107 cum
1157 2077 1401 2128 praetergre-

51 2136 162 2179 ditur
181 2135 422 2178 mensuram
442 2133 623 2175 ultionis.
654 2132 800 2174 Omnis
823 2147 1004 2190 namque
1023 2144 1236 2192 postremo
1253 2155 1399 2184 sensus

49 2205 241 2253 moritur,
266 2205 299 2246 si
323 2204 520 2263 minister
534 2203 585 2244 sit
604 2202 847 2258 iniquitatis.

104 2273 282 2322 XXXV.
320 2275 373 2316 Et
386 2274 481 2328 ideo
501 2273 596 2329 quia
611 2280 778 2314 terrena
794 2274 934 2315 omnia
955 2276 1194 2320 moriuntur
1220 2280 1396 2331 diluvio,

51 2346 160 2387 solus
184 2352 323 2386 autem
346 2344 479 2396 iustus
497 2344 539 2384 in
561 2351 763 2385 aeternum
788 2352 952 2392 manet,
987 2347 1039 2387 ad
1055 2346 1191 2403 ipsum
1213 2350 1366 2392 dieitur
1386 2340 1401 2394 :⁴

61 2432 78 2454 «
97 2415 286 2458 Statuam
309 2422 604 2456 testamentum
621 2427 766 2455 meum
784 2415 836 2454 ad
859 2412 922 2469 te2
935 2431 946 2462 3
971 2432 986 2453 »
1024 2416 1120 2471 quia
1142 2418 1228 2474 ipse
1250 2421 1400 2463 divinae

52 2475 278 2539 est'haeres'
290 2484 430 2542 gratiae
443 2517 454 2534 ,
472 2484 559 2542 ipse
579 2482 756 2525 coelestis
768 2498 979 2540 possessor
999 2478 1254 2531 haerizditatis
1266 2520 1278 2539 ‚
1303 2490 1401 2532 hea-

51 2547 306 2598 tiss'imorum
338 2570 507 2597 consors
532 2555 755 2597 bonorum.
796 2553 849 2598 Et
875 2554 1067 2600 homines
1093 2556 1264 2615 quidem
1301 2574 1399 2604 cum

99 2649 108 2667 ¹
128 2646 222 2692 Proy.
237 2655 269 2691 x,
288 2654 336 2688 ¹9·
354 2661 393 2693 -j-
411 2654 428 2681 9,
444 2645 528 2691 Genr.
541 2654 589 2684 vi,
610 2644 659 2679 180

1180 2705 1249 2748 28.-
