1742 3233
471 299 522 326 nn
556 298 762 326 sumnam.
801 297 880 325 ιιΒ.
921 299 946 325 1.
1302 279 1380 319 511

40 381 109 414 tus
148 372 381 421 victoriam,
425 373 616 417 liberavit
659 383 868 432 nepotem.
919 374 1126 417 Probatur
1174 369 1385 413 divisionis

39 441 231 490 affectus,
253 444 420 500 quando
442 443 502 486 sic
525 445 690 488 amabat
715 453 926 503 nepotem,
949 452 996 485 ut
1012 458 1088 501 pro
1110 457 1160 484 eo
1184 454 1262 483 uec
1288 437 1388 481 belli

34 513 271 554 declinaret
305 513 551 570 periculum.
598 515 711 566 Quid
746 523 824 563 est,
841 531 856 552 «
870 511 1166 556 NumeravitP»
1180 510 1270 552 Hoc
1305 514 1385 554 est,

41 582 177 639 elegit.
201 583 319 624 Unde
333 583 439 626 illud
453 599 538 625 non
555 586 688 626 solum
707 585 758 626 ad
775 584 992 627 scientiam
1009 581 1085 624 Dei
1101 580 1297 625 refertur,
1317 574 1390 618 sed

33 651 168 693 etiam
184 653 237 694 ad
252 653 426 709 gratiam
442 653 666 709 justorum,
696 653 811 710 quod
826 653 868 694 in
884 650 1108 708 Evangelio
1126 648 1226 690 dixit
1242 644 1390 688 Domi—

41 735 120 762 nus
135 720 256 764 Jesus
271 737 282 764 :
300 741 315 761 «
325 723 379 764 Et
399 724 536 781 capilli
552 738 617 766 ves
632 737 648 761 ι
667 734 693 772 -23
706 738 844 765 amnes
867 720 1075 764 numerati
1092 717 1231 761 sunt².
1253 734 1269 755 »
1285 714 1392 770 Cog-

40 790 156 832 novit
172 799 311 833 autem
327 792 529 835 Dominus
545 794 616 849 qui
638 801 734 834 sunt
758 793 885 849 ipsius
905 807 914 833 t
944 807 1014 834 eos
1036 798 1190 836 autem,
1216 802 1288 842 qul
1302 798 1389 826 11011

42 866 139 900 sunt
166 859 309 916 ipsius,
345 877 429 903 non
462 862 656 919 dignatur
686 877 952 919 cognoscere.
981 857 1224 903 Numeravit
1249 863 1390 897 autem

42 936 252 971 trecentos
269 931 415 974 decem
432 939 474 972 et
493 940 672 980 oct0,·ut
687 932 792 973 scias
809 947 893 972 non
915 929 1191 987 quantitatem
1207 923 1389 972 numeri,

41 1000 116 1040 sed
136 999 334 1040 meritum
354 999 571 1041 electionis
592 1015 846 1058 expressum.
874 1001 955 1041 Eos
971 999 1085 1040 enim
1107 995 1266 1043 ascivit,
1286 1008 1390 1049 quos

40 1068 190 1125 dignos
218 1083 395 1110 numero
421 1068 624 1126 judicavit
652 1069 864 1118 fidelium,
894 1069 965 1126 qui
996 1068 1039 1109 in
1071 1065 1241 1109 Domini
1264 1063 1394 1105 nostri

42 1137 143 1179 Jesu
161 1137 316 1180 Christi
332 1138 567 1194 passionem
585 1141 818 1182 crederent.
837 1140 1064 1182 Trecentos
1091 1137 1202 1179 enim
1220 1160 1243 1180 τ
1259 1148 1393 1192 graeca

44 1208 182 1250 littera
199 1207 421 1265 significat,
435 1209 582 1250 decem
592 1217 736 1251 etocto
748 1218 887 1252 autem
900 1223 1110 1251 summam
1131 1218 1165 1256 ίη
1182 1205 1388 1262 exprimit.

42 1276 162 1319 Fidei
185 1291 284 1334 ergo
307 1277 456 1319 merito
481 1278 696 1320 Abraham
716 1279 831 1328 vicit,
856 1295 941 1321 non
963 1279 1168 1336 populoso
1189 1275 1387 1318 exercitu.

43 1346 235 1403 Denique
255 1362 326 1389 eos
348 1348 500 1404 quibus
522 1349 707 1405 quinque
732 1365 879 1407 regum
901 1364 1013 1390 arma
1036 1354 1267 1394 cesserunt,
1295 1359 1394 1387 cum

44 1416 188 1473 paucis
203 1432 392 1474 egressus
405 1420 640 1461 vernaculis
658 1419 942 1476 triumphavit.

103 1485 215 1529 XVI.
251 1486 335 1528 Sed
352 1488 422 1543 qui
439 1488 568 1530 vincit
584 1504 668 1530 non
685 1489 810 1531 debet
834 1489 912 1530 sibi
938 1501 1131 1544 arrogare
1156 1484 1391 1532 victoriam,

47 1556 121 1597 sed
135 1555 296 1597 deferre
310 1557 412 1599 Deo.
437 1558 528 1600 Hoc
544 1557 758 1600 Abraham
775 1560 916 1606 docet,
937 1558 1007 1615 qui
1026 1557 1241 1614 triumpho
1258 1555 1393 1597 factus

48 1625 246 1668 humilior
267 1635 343 1676 est,
368 1643 454 1669 non
477 1629 707 1685 superbior.
735 1627 1000 1671 Sacrificium
1022 1628 1202 1684 denique
1224 1624 1394 1672 obtulit,

51 1696 234 1738 decimas
246 1697 384 1746 dedit;
403 1698 581 1754 ideoque
599 1699 636 1740 ei
651 1699 961 1741 Melchisedech
973 1699 1044 1755 qui
1056 1696 1399 1755 interpretatione

47 1765 175 1809 latina
191 1766 344 1809 dicitur
359 1783 431 1809 rex
446 1768 630 1825 justitiae,
648 1785 721 1812 rex
737 1770 867 1827 pacis,
884 1769 1122 1812 benedixit:
1141 1785 1156 1806 «
1172 1768 1272 1809 Erat
1287 1765 1400 1808 enim

49 1853 67 1876 »
81 1838 275 1878 sacerdos
293 1838 446 1879 summi
467 1838 583 1881 Dei2.
604 1840 717 1891 »Qui
739 1848 802 1882 est
823 1855 895 1882 rex
909 1839 1076 1896 justitiae
1092 1837 1286 1880 sacerdos
1306 1837 1398 1886 Dei,

51 1906 130 1948 nisi
162 1906 229 1948 cui
259 1907 413 1949 dicitur
433 1923 442 1949 :
460 1925 475 1946 «
493 1909 557 1951 Tu
577 1925 620 1951 es
642 1912 835 1953 sacerdos
869 1911 910 1952 in
934 1918 1138 1952 aeternum
1168 1908 1402 1951 secundum

51 1976 274 2019 »ordinem
304 1977 654 2030 Melchisedecl1³,
673 1980 785 2022 »hoe
814 1989 893 2029 est,
924 1980 1001 2022 Dei
1034 1979 1181 2027 Filius,
1206 1980 1400 2021 sacerdos

52 2047 201 2096 Patris,
227 2047 299 2104 qui
330 2048 393 2091 sui
414 2051 600 2108 corporis
623 2050 828 2093 sacrificio
850 2052 1017 2094 Patrem
1038 2050 1190 2092 nostris
1213 2049 1404 2107 repropi-

53 2117 171 2159 tiavit
192 2117 364 2160 delictis.

111 2186 244 2230 XVII.
281 2187 499 2239 Quantum
528 2199 668 2233 autem
704 2192 807 2234 illud
837 2193 950 2248 quod
976 2193 1028 2234 de
1056 2193 1195 2249 praeda
1223 2189 1406 2233 victoriae

48 2257 161 2300 nihil
179 2258 310 2302 voluit
326 2260 584 2318 contingere,
608 2278 685 2305 nec
708 2265 897 2308 oblatum
915 2268 1110 2310 sumere?
1127 2268 1276 2311 Minuit
1290 2269 1404 2311 enim

55 2327 241 2370 fructum
261 2329 463 2386 triumphi
485 2334 692 2375 mercedis
712 2336 939 2393 susceptio,
966 2347 1008 2380 et
1032 2339 1225 2381 beneficii
1250 2339 1407 2381 arrodit

59 2399 246 2456 gratiam.
270 2399 503 2442 Plurimum
524 2403 636 2444 enim
656 2404 782 2447 refert
800 2414 940 2449 utrum
966 2410 1169 2465 pecuniae,
1196 2425 1246 2451 an
1270 2409 1408 2467 gloriae

51 2469 350 2512 dimicaveris:
385 2472 488 2512 alter
507 2475 757 2516 mercenarii
783 2477 876 2518 loco
899 2478 1096 2521 ducitur:
1137 2481 1239 2523 alter
1261 2483 1408 2541 dignus

59 2538 240 2584 hahetur
262 2543 563 2585 conservatoris
584 2545 726 2601 gloria.
753 2545 857 2590 Jure
878 2556 1045 2592 sanctus
1062 2551 1114 2595 de
1128 2553 1268 2610 praeda
1290 2569 1407 2599 usur-

108 2641 119 2683 ,¹
139 2633 219 2683 Q·
234 2643 297 2682 {¹¹2
314 2646 346 2678 7·
361 2651 402 2684 ἡ
420 2636 534 2684 2Gen·
552 2646 619 2686 m,
638 2638 688 2686 ¹83
702 2640 771 2687 τέ
787 2639 870 2688 Psalv
886 2649 968 2688 ‘3¹3²
984 2641 1015 2680 4⁴
