1742 3233
356 302 438 353 48²
897 314 928 341 s,
969 315 1156 342 ammosa

413 394 542 437 XCV.
578 393 761 448 Ideoque
788 400 831 433 et
860 392 1063 433 Dominus
1090 392 1262 433 fratrem
1288 392 1510 448 appellavit
1540 401 1582 434 et
1604 408 1701 434 eum

355 465 547 511 fratrem,
566 478 586 504 a
604 477 687 519 quo
710 461 875 518 sanguis
892 461 1028 502 fratris
1051 461 1296 517 exquiritur,
1317 460 1552 518 significans
1573 463 1703 520 magis
1736 469 1742 513 f

355 535 406 576 ab
437 533 501 576 his
527 532 762 590 perleulum
790 531 1172 588 pertimescendum
1202 531 1272 586 qui
1300 530 1484 572 fraterno
1511 532 1589 573 sibi
1611 532 1705 588 jure
1735 521 1738 534 ⁴

356 603 581 644 sociantur.
616 601 722 643 Hinc
760 599 917 641 etenim
949 599 1128 647 insidiae,
1160 600 1259 641 hinc
1295 600 1481 656 pericula
1507 600 1706 656 frequen-

356 674 461 716 tiora
483 671 723 715 hominibus
745 677 1064 725 comparantur,
1087 678 1129 711 et
1148 678 1195 711 ut
1216 669 1410 727 specialia
1431 670 1708 726 comprehen-

356 745 526 787 damus,
550 741 665 796 quod
692 738 890 783 fratribus
918 739 1136 794 specialius
1164 739 1204 780 in
1232 739 1485 780 haereditatis
1507 739 1707 781 divisione

355 811 596 872 frequenter
618 808 712 849 odia
729 815 1014 849 succrescunt.
1043 807 1206 849 Deinde
1236 807 1269 848 si
1289 807 1407 848 fratri
1430 808 1607 865 amplius
1625 810 1707 850 col·
1734 834 1739 864 4

355 885 489 924 latum
510 879 634 923 fuerit
655 893 677 920 a
699 877 942 936 parentibus
958 910 968 926 ,
995 877 1142 919 fratres
1166 878 1233 919 alii
1256 878 1526 935 indignantur
1548 880 1678 937 magis
1694 912 1705 928 ,
1735 869 1739 885 ⁸

357 961 399 995 et
430 951 605 1010 gratiam
632 964 654 991 a
685 948 929 1006 parentibus
962 949 1157 990 collatam
1188 947 1416 1004 parricidio
1443 948 1606 990 auferre
1635 963 1709 990 co-
1736 954 1738 964 '

358 1030 525 1065 nantur.
557 1022 639 1066 Ista
671 1018 803 1075 magis
824 1018 934 1060 bella
956 1025 1148 1074 suspecta
1163 1049 1174 1066 ,
1197 1017 1306 1059 bella
1331 1032 1416 1059 non
1445 1018 1600 1060 civium
1622 1026 1710 1061 tan-

358 1102 448 1136 tum
465 1128 476 1143 ‚
509 1093 582 1139 sed
609 1091 867 1148 singularum
898 1091 1134 1132 domorum.
1179 1088 1274 1130 Illos
1302 1103 1400 1146 ergo
1431 1088 1636 1131 Dominus
1658 1089 1710 1131 ad
1735 1085 1738 1095 ’

357 1163 527 1209 ultionis
556 1160 763 1218 judicium
785 1159 1131 1216 comprehendit,
1157 1173 1260 1214 quos
1285 1157 1415 1215 magis
1443 1157 1710 1200 insidiaturos

357 1234 435 1276 sibi
458 1247 547 1274 esse
571 1229 777 1287 cognovit.

415 1301 565 1346 XCVI.
591 1299 780 1344 Tertium
806 1306 869 1340 est
884 1298 998 1354 quod
1019 1297 1060 1337 in
1078 1311 1127 1337 eo
1154 1297 1326 1339 fratrem
1348 1296 1467 1344 dixit,
1488 1311 1574 1338 non
1596 1298 1711 1353 quod
1733 1286 1738 1359 Ῐ

362 1375 512 1432 dignus
533 1369 697 1430 pietatis
727 1368 899 1411 nomine
920 1366 1128 1424 parricida
1152 1366 1205 1407 sit
1228 1381 1238 1407 ε
1267 1367 1341 1408 sed
1363 1381 1447 1422 quo
1468 1366 1599 1424 magis
1620 1367 1710 1424 pie-

358 1445 453 1488 tatis
476 1449 670 1500 gravetur
686 1438 914 1486 vocabulo,
941 1445 1065 1493 atque
1085 1436 1182 1478 inde
1203 1435 1276 1478 fiat
1294 1436 1462 1478 sceleris
1478 1436 1711 1479 incremen-

358 1525 476 1569 tum,
496 1527 578 1569 quo
601 1509 751 1568 justior
773 1509 824 1551 sit
849 1507 1030 1550 vindicta
1054 1505 1230 1548 scelesti.
1253 1505 1362 1562 Ergo
1379 1505 1583 1548 Dominus
1599 1506 1712 1548 Deus

359 1593 502 1628 noster
526 1582 730 1624 ultionem
752 1577 961 1636 promittit
974 1593 984 1625 ;
1010 1584 1057 1618 ut
1076 1577 1142 1618 vel
1168 1576 1226 1617 sic
1255 1575 1470 1633 frangatur
1489 1584 1622 1625 metu,
1641 1577 1713 1632 qui

359 1654 524 1715 pietatis
541 1660 603 1694 est
621 1649 776 1693 oblitus
788 1665 799 1697 ;
819 1655 862 1689 et
883 1647 985 1688 sciat
1008 1646 1122 1702 quod
1148 1645 1309 1688 etiamsi
1331 1645 1522 1687 homines
1543 1644 1714 1703 effugiat

360 1724 596 1772 homicida,
627 1720 705 1763 Dei
733 1727 875 1761 tamen
903 1716 1109 1773 judicium
1139 1730 1223 1756 non
1247 1714 1377 1771 possit
1408 1715 1609 1765 evadere,
1640 1714 1715 1757 sed

359 1795 511 1853 majori
533 1801 575 1836 et
593 1799 750 1834 aeterno
773 1787 978 1845 supplicio
994 1793 1244 1827 reservetur.
1731 1800 1736 1885 ἱ

420 1864 591 1910 XCVII.
617 1861 776 1904 Altiore
800 1866 940 1901 autem
968 1871 1094 1898 sensu
1115 1855 1196 1898 hoc
1228 1854 1514 1912 intelligimus,
1539 1869 1624 1896 non
1645 1869 1714 1896 so-

359 1940 448 1981 lum
480 1936 530 1978 ab
554 1940 848 1975 extraneorum
875 1927 1054 1974 insidiis,
1089 1924 1364 1968 verumetiam
1387 1940 1408 1966 a
1431 1924 1608 1972 nostris,
1631 1924 1736 1966 hoc³

362 2017 450 2057 est,
489 1992 727 2049 domesticis
759 1997 1081 2057 cogitationibus
1112 1995 1233 2038 nobis
1269 1995 1517 2037 cavendum.
1552 1993 1714 2036 Deinde

362 2075 672 2122 observandum
695 2070 816 2113 nobis
843 2083 928 2110 non
951 2068 1087 2109 solum
1111 2081 1133 2108 a
1161 2065 1318 2107 malitia
1341 2064 1492 2106 mentis
1507 2096 1518 2112 ,
1544 2078 1715 2106 verum-

363 2149 487 2192 etiam
512 2146 562 2188 ab
584 2143 682 2202 ipsis
699 2138 961 2183 sermonibus
983 2134 1146 2178 nostris.
1169 2135 1355 2190 Ideoque
1378 2133 1434 2175 ait
1463 2148 1472 2174 :
1491 2132 1585 2183 «De
1603 2133 1716 2174 mul-

363 2241 378 2262 »
392 2217 566 2276 tiloquio
596 2228 682 2256 non
704 2209 876 2268 effugies
898 2215 1118 2266 peccatum
1138 2205 1169 2246 ¹.
1192 2223 1207 2244 »
1245 2204 1354 2261 Ergo
1384 2203 1466 2245 hoc
1489 2201 1714 2260 significari

361 2294 528 2337 videtur
550 2301 635 2329 non
663 2284 798 2325 solum
820 2278 955 2337 operis
983 2275 1135 2324 nostri,
1162 2275 1236 2316 sed
1259 2273 1385 2315 etiam
1407 2271 1611 2314 sermonis
1642 2271 1734 2329 qui4

364 2372 427 2409 est
447 2359 578 2418 magis
603 2352 880 2399 domesticus,
904 2348 1108 2390 rationem
1132 2344 1313 2387 Domino
1331 2357 1420 2384 esse
1435 2342 1707 2384 reddendam.

361 2437 415 2480 Et
436 2434 530 2476 ideo
557 2424 794 2484 diligentius
823 2417 1198 2464 considerandum,
1231 2428 1284 2456 ne
1306 2414 1373 2454 vel
1404 2426 1623 2460 sermone,
1649 2399 1733 2453 vel¹

364 2517 491 2564 opere
521 2494 819 2543 contrahamus
847 2488 1068 2541 offensam3
1086 2485 1182 2543 quia
1211 2483 1319 2525 sicut
1342 2497 1414 2525 ore
1440 2480 1642 2525 consessio
1666 2477 1715 2522 fit

363 2574 415 2618 ad
436 2571 630 2616 salutem,
652 2564 711 2608 sic
734 2576 809 2605 ore
831 2558 879 2604 fit
903 2560 1041 2616 lapsus
1065 2557 1116 2600 ad
1132 2561 1325 2599 mortem.

1734 1216 1738 1236 a

1733 1238 1738 1278 ἔ

404 2669 417 2698 ‚⁸
438 2662 535 2699 Prov.
550 2667 586 2700 x,
606 2667 658 2701 ¹9,
