1742 3233
331 249 413 289 552
872 258 902 287 s.
942 256 1130 287 annnosn

330 352 427 381 cum
450 338 747 394 interrogasset
782 334 873 391 quis
898 344 1028 384 esset,
1056 334 1223 392 cognito
1249 336 1363 392 quod
1388 336 1474 393 ipse
1490 344 1595 378 esset
1610 338 1677 379 cui

332 411 557 451 duceretur
579 420 708 453 uxor,
732 405 970 453 descendit,
999 413 1041 446 ot
1063 412 1189 461 caput
1212 420 1333 446 suum
1356 405 1572 447 obnubere
1599 420 1677 447 coe-

331 479 407 536 pit,
430 479 586 519 docens
601 474 897 518 verecundiam
919 474 1072 531 nuptiis
1092 474 1240 531 praeire
1259 474 1411 516 debere
1428 490 1437 516 t
1457 475 1552 517 inde
1569 475 1679 517 enim

333 556 374 590 ct
391 547 545 604 nuptiae
563 546 682 588 dictae
707 546 819 601 quod
835 544 1005 601 pudoris
1028 544 1156 601 gratia
1175 545 1321 600 puellae
1335 559 1376 586 se
1397 544 1673 586 obnuberent.

330 617 488 660 Discite
517 631 614 673 ergo
650 615 855 672 virgines,
889 614 1246 670 quemadmodum
1280 615 1448 656 servetis
1477 629 1681 656 verecun-

334 686 472 734 diam,
500 700 577 727 nec
605 685 759 725 intecto
791 684 925 740 capite
952 682 1159 740 prodeatis
1191 690 1285 724 ante
1317 691 1557 732 extraneos,
1584 699 1681 725 cum

333 756 526 798 Rebecca
546 754 630 810 jam
653 755 913 809 desponsata,
941 753 1201 809 designatum
1224 753 1421 795 maritum
1448 762 1590 811 aperto
1614 768 1683 795 ca-
1729 752 1731 799 ¹,

337 824 422 881 pile
440 838 523 865 non
542 822 748 880 putaverit
768 821 1006 864 videndum.

396 892 545 936 XCIV.
585 892 688 943 Quis
711 892 779 934 ille
805 900 866 933 est
890 894 1076 934 servulus
1104 894 1173 949 qui
1191 892 1371 950 providit
1394 893 1468 934 has
1491 893 1685 950 nuptias?
1733 911 1734 917 ¹

339 963 453 1004 [nus
485 962 630 1018 utique
656 963 708 1002 de
734 961 964 1017 Apostolis,
989 970 1030 1003 et
1060 962 1128 1003 ille
1158 962 1335 1003 maxime
1361 962 1431 1018 qui
1463 962 1518 1003 ait
1538 977 1546 1002 :
1565 960 1685 1004 «Viri

337 1032 533 1079 »sratres‚
559 1047 630 1073 vos
660 1031 771 1072 scitis
799 1031 895 1087 quia
925 1047 946 1072 a
969 1032 1116 1073 diebus
1147 1031 1324 1087 antiquis
1358 1031 1399 1072 in
1427 1031 1548 1072 nobis
1574 1031 1686 1072 Deus
1738 1059 1742 1087 ς

340 1102 494 1159 »elegit
515 1117 566 1143 ex
587 1117 658 1143 ore
680 1117 773 1143 meo
794 1103 937 1143 audire
961 1102 1148 1144 nationes
1174 1103 1349 1143 verbum
1376 1100 1588 1158 Evangelii
1609 1100 1638 1142 ¹.
1662 1120 1676 1139 n
1740 1141 1742 1145 Α

341 1170 420 1213 Vel
449 1172 518 1213 ille
553 1172 623 1227 qui
646 1172 804 1213 Doctor
842 1174 1069 1228 appellatus
1101 1180 1163 1213 est
1193 1171 1378 1228 gentium
1402 1170 1430 1212 ².
1466 1170 1547 1228 Ipsi
1576 1169 1688 1211 enim
1740 1166 1742 1172 Υ

345 1255 443 1281 curn
464 1242 681 1296 leguntur,
704 1249 774 1281 aut
791 1240 972 1282 <Ioannes
988 1241 1236 1298 evangelista
1251 1273 1260 1289 ,
1284 1241 1505 1296 acquirunt
1524 1240 1688 1281 Christo

347 1309 551 1359 animam3
574 1317 621 1351 ut
643 1311 785 1351 credat
803 1325 893 1366 quae
918 1318 1011 1351 anie
1033 1325 1115 1351 non
1138 1310 1314 1351 credidit
1334 1325 1342 1350 :
1363 1319 1404 1351 ct
1425 1309 1689 1367 cupientibus

345 1380 558 1422 Christum
597 1380 761 1428 videre,
793 1381 1053 1422 sermonibus
1095 1381 1383 1423 demonstrant
1413 1381 1507 1422 suis.
1547 1381 1691 1436 Itaque

346 1450 576 1499 Abraham,
605 1450 824 1492 celebratis
850 1450 923 1492 filii
944 1451 1119 1508 nuptiis,
1149 1453 1330 1508 longaeva
1357 1458 1493 1499 aetate,
1513 1459 1555 1492 et
1580 1450 1691 1491 bona

332 1528 559 1562 =senectute
577 1520 802 1578 complevit
818 1520 904 1561 dies
922 1519 950 1561 ³.

375 1619 399 1633 ‘¹
423 1609 496 1642 Act.
515 1621 568 1649 xv,
586 1621 617 1651 7.
637 1628 676 1633 —
696 1621 708 1634 ⁹
729 1620 740 1642 ι
761 1610 845 1641 Tim.
864 1621 900 1647 u,
917 1622 949 1652 7.
968 1628 1007 1634 —
1024 1612 1037 1633 ³
1055 1609 1137 1642 Gen.
1154 1620 1230 1648 xxv,
1246 1609 1278 1641 8.
