1742 3233
322 237 405 293 592
860 251 890 278 s,
928 252 1118 281 AMBROSII

321 343 425 385 aqua
442 327 527 385 ipsa
551 326 591 367 in
615 326 692 369 tria
706 342 716 375 3
742 327 839 383 quia
863 338 933 371 aut
954 344 1069 371 mare
1087 336 1173 376 cst,
1199 336 1268 370 aut
1287 327 1425 378 fluvii,
1448 338 1518 372 aut
1533 329 1647 372 lacus
1656 346 1668 378 ;

318 413 417 440 nam
448 397 605 446 fontes,
636 404 707 439 aut
737 398 850 455 putei
873 399 1033 457 privata
1057 398 1222 456 negotia
1253 413 1519 456 nequaquam
1546 400 1672 457 digna

321 468 519 511 divisione
541 462 721 525 gener‘ali
744 477 785 511 et
800 470 969 526 publica
981 488 992 519 ;
1018 469 1133 527 putei
1146 471 1295 518 latent,
1321 468 1455 511 fontes
1479 469 1567 511 aliis
1585 470 1673 512 ori-

319 538 459 594 ginem
483 545 691 595 praestant.
728 538 811 580 Aer
839 554 1005 596 quoque
1031 538 1157 580 habet
1185 539 1405 581 divisiones
1434 547 1672 597 temporum

318 607 447 655 veris,
466 607 636 655 aestatis‚
664 608 876 657 autumni,
901 608 1104 665 hyberni;
1130 616 1171 649 et
1191 608 1280 649 haec
1298 609 1509 649 mundana
1528 608 1672 650 divisio

319 685 393 720 est.
417 677 513 728 Quo
527 676 608 718 hoc
626 672 848 733 proficiat?
865 679 918 719 Ut
940 693 1244 736 cognoscamus
1265 678 1402 720 Deum
1421 694 1509 720 0550
1521 679 1674 720 11011101

322 755 534 788 auctorem
545 744 936 803 moderatoremque
954 748 1161 796 omnium,
1181 747 1251 803 qui
1269 747 1463 788 omnibus
1481 747 1674 789 ordinem

320 817 445 858 rebus
468 816 648 864 dederit,
677 824 717 857 et
747 831 795 858 ea
820 816 1022 858 divisione
1050 817 1307 865 distinxerit,
1332 825 1379 858 ut
1410 817 1474 858 his
1507 817 1675 874 colligas

321 901 441 944 posse
463 885 539 927 tibi
560 885 695 928 Deum
717 886 907 928 conferre
934 902 1025 943 quae
1047 887 1114 944 pie
1135 889 1321 944 postulas
1335 919 1346 936 ,
1370 895 1411 930 et
1434 901 1526 944 quae
1548 901 1676 944 spon-

323 959 394 999 det
420 957 607 1015 implere.

378 1025 483 1068 LVI.
521 1027 666 1082 Itaque
690 1026 903 1069 Abraham
933 1027 1028 1084 quia
1052 1027 1313 1085 promittenti
1346 1027 1531 1069 Domino
1557 1035 1677 1070 terrae

321 1096 605 1138 haereditatem
628 1099 921 1153 responderat:
954 1116 970 1135 «
1000 1099 1117 1140 Unde
1148 1113 1399 1156 cognoscam
1428 1098 1525 1155 quia
1546 1097 1678 1140 haeres

325 1180 425 1207 »ero
449 1173 569 1207 terrae
593 1166 719 1222 hujus
740 1165 751 1186 ¹
768 1199 779 1215 ,
799 1185 814 1206 »
842 1182 917 1224 per
940 1167 1028 1209 illas
1050 1167 1208 1224 species
1226 1169 1458 1210 hostiarum
1478 1167 1679 1208 informa—

323 1235 413 1290 turf‚
438 1244 487 1277 ut
517 1238 659 1277 credat
688 1236 825 1278 Deum
855 1253 944 1278 0550
974 1253 1096 1294 supra
1125 1240 1356 1287 mundum,
1386 1237 1457 1294 qui
1487 1238 1678 1279 universa

324 1322 415 1363 quae
432 1306 579 1348 mundi
602 1314 698 1347 sunt
719 1307 890 1364 provida
914 1308 1179 1349 distinctione
1197 1307 1407 1350 diviserit:
1430 1309 1503 1349 sed
1524 1322 1571 1349 ea
1589 1322 1680 1363 quae

323 1383 419 1417 sunt
451 1375 578 1417 divisa
601 1376 748 1417 resolvi
769 1385 912 1434 postea
927 1410 938 1426 ,
969 1393 1016 1419 ea
1043 1386 1184 1419 autem
1208 1393 1298 1434 quae
1322 1392 1408 1418 nou
1435 1384 1532 1418 sunt
1554 1376 1681 1418 divisa

330 1444 447 1500 (aves
469 1444 603 1493 enim,
628 1445 709 1487 hoc
728 1454 813 1495 est,
841 1455 1049 1489 turturem
1072 1457 1113 1490 et
1135 1447 1377 1489 columbam
1403 1461 1487 1488 non
1510 1445 1675 1500 divisit)

324 1530 542 1571 nunquam
567 1515 716 1557 resolvi
728 1532 739 1564 3
760 1515 863 1558 fides
877 1517 988 1558 enim
1013 1526 1154 1558 manet
1171 1517 1347 1574 integra,
1367 1531 1457 1572 quae
1475 1514 1681 1560 columbae

324 1600 442 1627 more
468 1585 511 1626 in
538 1585 715 1627 sublime
737 1587 1006 1644 suberigitur,
1026 1589 1205 1632 lustrans
1221 1577 1420 1645 superna,
1435 1594 1475 1627 ct
1493 1584 1684 1643 spiritali-

326 1656 404 1698 bus
428 1656 586 1698 alarum
604 1655 785 1712 remigiis
807 1649 960 1698 coelum
981 1657 1299 1699 circumvolans.
1324 1655 1497 1698 Turturi
1515 1668 1683 1711 1111011110

327 1741 445 1768 mens
470 1725 538 1767 illa
559 1725 790 1775 confertur,
810 1727 1005 1783 (1111011115
1030 1743 1109 1768 usu
1128 1727 1244 1769 istius
1268 1726 1438 1769 secretis
1463 1725 1600 1772 alitur,
1618 1723 1685 1765 in-

327 1796 587 1853 telligibilem
608 1796 721 1838 illam
742 1805 783 1838 01
805 1797 1023 1839 indivisam
1047 1812 1234 1853 quaerens
1258 1796 1470 1839 Trinitatis
1489 1795 1685 1837 substan-

328 1868 454 1915 tiam,
499 1866 707 1922 refugiens
726 1868 905 1924 'plebem
934 1869 1159 1924 quamdam
1195 1856 1484 1910 creaturarum
1517 1873 1562 1925 et.
1589 1878 1686 1906 cor-

327 1951 465 1993 porea:
506 1951 549 1977 se
590 1951 673 1977 non
712 1937 892 1978 miscens
927 1937 1237 1994 congregationi
1261 1971 1270 1985 ,
1313 1945 1436 1992 atque
1479 1935 1534 1977 ab
1571 1933 1685 1976 omni

329 2005 569 2063 passionum
585 2006 678 2046 labe
692 2021 927 2056 secernens
951 2008 1040 2048 1100
1059 2005 1339 2059 sacrificium)
1360 2007 1412 2047 de
1429 2013 1469 2047 te
1480 2003 1679 2062 poscitur.

332 2075 415 2126 Qui
436 2075 534 2116 tales
552 2074 672 2116 offert
693 2075 865 2124 hostias,
889 2076 1016 2119 fidem
1039 2085 1080 2118 et
1099 2076 1389 2118 castimoniam
1406 2063 1573 2122 mentis,
1593 2073 1687 2115 sim-

330 2144 527 2201 plicitatis
539 2145 729 2202 gratiam,
745 2146 958 2189 charitatis
972 2157 1013 2189 01
1026 2138 1138 2205 pacis
1157 2146 1371 2193 affectum,
1391 2145 1477 2202 ipse
1496 2160 1538 2186 se
1554 2144 1686 2185 beatae

330 2214 440 2256 illius
462 2222 581 2255 terrae
600 2216 785 2271 agnoscit
806 2216 1016 2259 haeredem
1036 2233 1044 2259 ι
1073 2217 1179 2259 sicut
1197 2216 1323 2257 etiam
1343 2214 1550 2257 Dominus
1572 2226 1687 2270 aper-

331 2284 412 2326 tius
429 2283 471 2339 in
482 2284 704 2341 Evangelio
718 2287 943 2329 declaravit
955 2288 1097 2330 dicens
1113 2302 1120 2329 :
1148 2305 1163 2325 «
1176 2286 1291 2329 Beati
1309 2283 1475 2343 pacifici
1488 2282 1685 2342 quoniam

334 2354 442 2412 »ipsi
463 2353 739 2411 possidebunt
759 2364 914 2399 terram
931 2356 960 2399 ².
988 2377 1003 2397 »

390 2424 516 2467 LVII.
555 2424 713 2482 Accipe
751 2425 873 2468 aliam
903 2427 1161 2469 divisionem.
1202 2426 1309 2470 Caro
1345 2438 1512 2483 quoque
1544 2428 1685 2465 nostra

336 2494 422 2553 ipsa
456 2494 533 2539 Dei
563 2495 825 2539 ordinatione
856 2497 984 2541 divisa
1018 2497 1146 2541 habet
1179 2496 1369 2542 membra
1403 2493 1556 2541 omnia.
1591 2491 1686 2541 Duo

379 2593 390 2614 ⁸
411 2585 496 2621 Gen.
509 2596 566 2628 xv,
582 2571 616 2624 8..
630 2604 670 2615 —
685 2597 698 2616 ²
718 2588 838 2624 Matth.
856 2599 890 2629 v,
904 2590 934 2629 4.
