1742 3233
476 278 763 306 nExAEMEnos.
800 277 880 305 Lm.
919 277 975 304 vi.
1320 265 1401 308 253

46 361 140 404 Non
167 366 229 400 est
249 372 347 415 ergo
372 357 423 398 ad
444 356 669 414 imaginem
700 356 803 404 Dei,
827 357 867 398 in
891 371 973 413 qua
993 355 1105 398 Deus
1126 371 1291 414 semper
1313 360 1406 401 est?

48 431 133 472 Sed
156 429 250 470 audi
271 428 365 485 quia
384 429 435 469 ad
455 427 679 484 imaginem
697 435 759 469 est
778 427 868 468 Dei.
890 427 1003 468 Dicit
1019 426 1132 468 enim
1147 427 1371 484 Apostolus
1393 444 1402 470 τ

59 517 76 538 α
93 500 177 542 Νο5
200 499 339 555 itaque
360 513 530 546 omnes,
567 498 747 539 revelata
777 496 880 538 facie
897 529 908 545 ,
943 495 1118 553 gloriam
1151 497 1227 538 Dei
1255 513 1408 554 specu-

48 570 210 611 »lantes
235 569 286 609 ad
308 569 501 609 eamdem
518 566 742 623 imaginem
766 566 1045 607 reformamur
1069 581 1090 607 a
1111 567 1242 624 gloria
1258 567 1299 608 in
1318 569 1409 625 glo-

49 657 65 678 »
79 639 182 680 riam
199 671 210 686 ,
236 638 344 679 sicut
369 653 389 678 a
409 636 578 678 Domini
605 636 805 694 Spiritu¹.
825 656 840 675 »

106 708 253 750 XLVI.
293 707 401 759 Quia
424 707 550 764 igitur
572 706 842 763 cognovimus
869 706 1053 748 animam
1076 722 1164 749 esse
1187 708 1239 749 ad
1260 707 1410 766 imagi-

49 791 148 819 nem
178 777 279 826 Dei,
309 791 423 818 nunc
452 776 767 818 consideremus
801 784 943 818 utrum
974 778 1026 818 de
1054 777 1190 818 anima
1226 779 1411 835 potuerit

48 848 134 890 dici
154 862 163 888 :
181 847 429 890 «Faciamus
450 846 667 889 hominem
691 849 743 888 ad
765 847 1005 904 imaginem.
1021 866 1036 885 »
1052 847 1137 890 Sed
1170 849 1265 890 audi
1289 857 1330 890 et
1355 851 1411 892 is-

49 918 148 965 tud,
178 917 274 973 quia
308 918 443 959 anima
479 917 649 959 nomine
675 917 857 959 hominis
885 926 1167 975 nuncupatur.
1199 920 1412 977 Scriptum

45 994 112 1028 est
141 987 254 1028 enim
285 986 327 1027 in
349 986 500 1028 Genesi
522 1002 530 1027 :
549 986 669 1028 «Filii
691 995 831 1028 autem
857 987 1016 1044 <Ioseph
1041 988 1111 1044 qui
1135 988 1234 1030 sacti
1257 999 1353 1031 sunt
1375 992 1413 1033 ei

48 1056 121 1097 »in
148 1057 328 1114 JEgypto
345 1089 355 1104 ,
382 1057 529 1097 animae
556 1056 732 1098 novem(
751 1057 910 1098 Omnes
940 1072 1038 1114 ergo
1064 1058 1211 1099 animae
1235 1074 1324 1115 quae
1349 1060 1414 1102 in-

49 1144 66 1166 »
80 1134 296 1168 traverunt
310 1141 407 1167 cum
418 1126 550 1167 Jacob
569 1126 611 1167 in
627 1126 855 1183 :Egyptum
869 1127 1131 1184 septuaginta
1143 1127 1328 1185 quinque
1339 1129 1367 1171 ².
1385 1150 1400 1170 »

49 1199 102 1240 Et
118 1199 250 1240 multo
277 1196 413 1254 aptius
433 1197 569 1238 anima
587 1198 652 1238 vel
674 1196 801 1238 homo
824 1197 973 1245 latine,
994 1198 1059 1239 vel
1076 1213 1209 1254 grzece
1231 1205 1416 1254 ἅ«,Θρωπος

52 1269 229 1316 dicitur3
257 1270 436 1309 alterum
459 1267 509 1308 ab
533 1266 816 1315 humanitate,
843 1269 1029 1314 alterum
1048 1267 1098 1309 ab
1122 1267 1313 1308 intuendi
1337 1267 1414 1307 ha-

51 1338 155 1380 bens
181 1337 400 1379 vivacitate
416 1369 426 1385 ‚
452 1352 543 1393 quae
565 1337 694 1394 magis
720 1337 892 1385 animae,
917 1352 1042 1394 quam
1068 1338 1236 1394 corpori
1258 1352 1414 1379 conre-

51 1408 143 1450 nire
165 1424 252 1449 non
275 1407 451 1449 dubium
483 1415 555 1449 cst.
600 1407 676 1448 Cui
709 1407 768 1448 rei
791 1407 917 1448 etiam
949 1407 1053 1449 illud
1073 1407 1167 1464 jure
1199 1407 1415 1449 concurrit

54 1479 215 1520 dIctnm
246 1477 286 1518 in
318 1476 495 1518 Threnis
522 1476 740 1518 HieremIae
761 1492 769 1518 :
789 1478 956 1518 «Bonus
978 1486 1040 1518 est.
1059 1477 1265 1519 Dominus
1297 1476 1416 1518 susti-

51 1549 280 1590 »nentibus
322 1562 442 1594 eum,
484 1546 628 1587 animae
669 1562 760 1602 quae
807 1547 956 1603 quaerit
993 1546 1133 1589 eum³.
1152 1565 1165 1585 >1
1179 1547 1240 1588 De
1276 1546 1416 1588 homi-

52 1619 177 1660 nibus
199 1618 324 1665 dixit,
342 1626 384 1659 et
410 1616 593 1658 animam
616 1616 896 1673 adjiciendam
928 1616 1102 1674 putavit,
1132 1617 1279 1660 Melius
1305 1617 1419 1658 enim

52 1688 309 1746 quaerifista
332 1687 364 1728 si
388 1688 472 1728 sola
497 1686 573 1735 sit,
602 1687 814 1728 abducens
844 1702 885 1728 se
909 1702 929 1728 a
953 1687 1140 1744 corporis
1170 1702 1311 1734 coeno,
1334 1696 1375 1728 et
1397 1701 1419 1728 a

50 1758 282 1815 cupiditate
317 1756 488 1798 carnali.
531 1757 623 1813 Ipsa
655 1764 715 1798 est
748 1758 799 1797 ad
833 1756 1056 1813 imaginem
1088 1757 1164 1798 Dei
1193 1756 1420 1799 conformis

55 1828 225 1871 Domini
247 1828 360 1869 Jesu.
390 1827 472 1878 Qui
492 1835 632 1868 autem
661 1827 898 1868 conformes
915 1826 1007 1868 Filii
1025 1827 1126 1875 Dei,
1153 1827 1412 1868 sanctisunt.

51 1899 125 1941 Sic
145 1899 256 1940 enim
274 1898 472 1955 legimus,
491 1897 656 1938 dicente
674 1897 831 1938 Paulo:
850 1897 1040 1938 «Scimus
1060 1906 1201 1938 autem
1219 1897 1420 1953 quoniam

0 1990 1 2008 ι
56 1987 73 2007 n
90 1969 274 2026 diligenti
279 1969 356 2009 bus
385 1967 521 2009 Deum
557 1966 698 2008 omnia
723 1975 984 2008 concumunt
1006 1967 1048 2008 in
1071 1968 1258 2015 bonum,
1283 1967 1329 2008 iis
1352 1968 1424 2024 qui

54 2056 74 2078 i>
89 2039 323 2080 secundum
335 2036 600 2094 propositum
618 2036 754 2078 iocati
773 2044 869 2077 sunt
886 2036 1055 2078 Sancti:
1076 2052 1180 2093 quos
1196 2053 1259 2094 Ρι
1248 2037 1366 2078 e'scix
1373 2037 1419 2085 it,

56 2116 129 2149 aet
152 2106 464 2165 praedestinavit
486 2106 721 2148 consmmcs
742 2105 868 2148 fier'i
859 2106 1048 2164 lmaginis
1069 2107 1165 2148 Filii
1190 2107 1278 2155 sui,
1302 2114 1349 2147 ut
1372 2106 1422 2147 sit

60 2178 392 2238 »primogenitus
416 2177 458 2219 in
480 2178 621 2235 multis
646 2177 859 2219 fratribus.
896 2178 1012 2229 Quos
1045 2186 1187 2219 autem
1212 2178 1423 2235 praedesti-

55 2239 227 2298 inavit,
253 2249 329 2290 hos
358 2255 400 2290 et
427 2247 592 2289 vocavit
622 2262 631 2288 :
665 2256 705 2289 et
741 2262 846 2304 quos
877 2247 1067 2303 vocavit?
1098 2245 1174 2289 hos'
1202 2255 1245 2288 et
1269 2246 1425 2303 justifi-

61 2320 200 2362 ‚cavit
232 2335 240 2360 :
276 2334 380 2375 quos
418 2316 558 2361 autem
593 2316 835 2374 justificavit
851 2349 860 2365 ,
901 2310 978 2359 hos
1014 2326 1056 2359 et
1094 2316 1378 2359 clarificavit&
1397 2336 1412 2356 n

0 2391 12 2431 l!
58 2390 212 2432 Utrum
248 2389 375 2447 igitur
407 2388 640 2430 secundum
678 2402 857 2445 corpus,
896 2393 955 2428 an'
979 2388 1212 2429 secundum
1243 2387 1425 2429 animam

0 2460 14 2502 <l
60 2458 303 2516 justificatio
331 2458 405 2500 tibi
429 2458 610 2500 conferri
631 2457 847 2507 videatur,
869 2473 1008 2515 quaeso
1036 2455 1302 2516 respondeas.
1343 2458 1427 2516 Sed

0 2342 3 2359 Ι

12 2545 17 2612 Ι,
111 2573 120 2589 ¹
143 2578 159 2597 ι
182 2568 259 2599 Cor.
288 2578 349 2606 ιιι,
372 2567 419 2599 ι8.
441 2586 481 2592 -
510 2577 521 2592 ²
554 2567 636 2600 Gen.
664 2578 760 2607 uvr,
791 2578 839 2610 ²7·
865 2585 904 2592 -—
922 2569 935 2591 ³
954 2567 1074 2600 Tbren.
1096 2578 1148 2606 lu,
1166 2568 1218 2600 25.
1240 2587 1279 2593 —
1301 2571 1314 2595 4
1331 2569 1426 2608 Rom.

0 2627 19 2651 νο
63 2631 150 2660 vin,
171 2622 264 2654 28-50

19 2771 22 2793 l
