1742 3233
669 292 707 318 ιλ·
715 275 803 319 ιηςκζ

103 377 172 408 gem
190 371 301 408 utpote
321 367 458 398 nendum
476 366 570 399 latam
595 378 657 399 nou
685 367 881 409 peccave-riu
904 372 1010 408 postca
1037 369 1120 410 quod
1147 379 1211 400 non
1232 368 1300 399 lilii-

103 421 196 459 dine,
216 421 271 453 sed
295 432 402 453 amore
426 422 524 464 prolis
542 421 688 452 inductus
703 421 761 453 sit:
780 420 832 452 ubi
856 421 953 452 multa
975 427 1086 453 contra
1109 421 1298 454 adulterium

103 475 324 517 disputantur:
343 474 523 507 defenditur
550 475 662 507 ultimo
687 475 773 518 quod
802 474 878 506 illud
897 475 1000 516 ipsum
1031 476 1217 518 mysterium
1242 486 1305 507 non

104 534 266 571 peccatum
290 528 396 560 suci-it.
421 528 471 560 Ad
497 534 676 561 extremum
693 528 846 571 quaeritur
863 538 902 558 au
929 528 1070 560 decuerit
1087 528 1303 561 circumcisio-

103 594 175 615 nem
190 582 310 616 institui
327 587 434 624 postea
451 583 672 619 revocandam,
690 587 721 615 et
735 581 900 614 minimum
918 581 949 612 in
966 590 998 613 se
1014 581 1218 624 perfectionis
1230 592 1307 614 con-

103 637 271 677 tinentem.

60 690 169 721 Carum·
181 689 219 721 V.
247 690 296 720 De
316 688 532 731 hospitalitate
550 689 712 722 Abraham
738 689 897 732 hospitum
912 688 1105 732 explorantis
1121 688 1302 728 adventum.

103 743 210 784 eisque
234 742 361 773 obviam
385 742 598 785 properantis.
624 734 876 775 Commendatur
905 735 1015 774 eadem
1040 741 1151 777 virtus,
1175 747 1207 773 et
1226 752 1305 772 vana

105 795 313 837 quorumdam
340 795 497 828 excusatio
512 795 652 828 diluitur.
674 797 777 836 Quam
790 796 974 838 diligentem
991 794 1021 827 in
1035 806 1070 827 ea
1087 806 1119 827 se
1133 795 1306 838 praebuerit

105 850 188 882 idem
215 849 374 888 Sanctus,
401 856 433 883 et
457 851 619 892 quomodo
646 861 777 882 uxorem
803 851 834 882 in
861 849 966 882 meriti
995 855 1119 892 partem
1136 849 1308 881 asciverit?

107 903 192 942 Quid
215 903 321 935 oblata
342 902 381 935 ab
403 908 539 946 utroque.
562 905 691 947 mystice
707 904 882 946 significent
896 905 910 934 3'
925 904 1088 935 Postremo
1103 902 1182 936 sacta
1195 904 1308 935 minis-

106 957 202 988 tranti
220 956 404 988 Abrahamo
418 956 472 988 filii
491 958 668 999 promissio,
681 957 759 995 sicut
777 964 806 990 et
823 958 910 989 Sarae
925 958 1001 989 risus
1018 957 1203 1000 exponitur.

63 1010 172 1042 Cim
187 1010 248 1043 Vt.
267 1011 479 1042 Sodomorum
492 1004 660 1043 'excidium
687 1011 824 1057 Abrabae
840 1011 1036 1053 praeciditur,
1053 1011 1307 1055 praedicaturque

107 1063 214 1095 divina
235 1064 267 1096 in
281 1063 453 1096 tolerandis
471 1064 702 1107 peccatoribus,
717 1075 752 1096 ac
767 1064 902 1107 peccatis
918 1064 1135 1097 examinandis
1150 1070 1179 1096 et
1193 1064 1310 1096 condo-

107 1118 220 1157 nandis
244 1118 451 1160 indulgentia.
476 1118 588 1159 Angeli
605 1128 736 1160 vespere
750 1117 956 1150 adventantes
973 1118 1056 1160 apud
1072 1119 1131 1150 Lot
1145 1118 1309 1160 hospitan-

109 1177 174 1204 tur.
208 1173 343 1204 Immani
379 1172 496 1204 scelere
524 1172 761 1204 Sodomitarum
792 1172 994 1205 cumulantur
1022 1173 1154 1214 flagitia.
1186 1173 1312 1206 Oblatis

109 1224 232 1256 filiabus
245 1230 379 1257 conatur
394 1225 455 1257 Lot
472 1235 581 1257 eorum
599 1224 739 1257 furorem
753 1225 912 1267 mitigare,
939 1237 1017 1268 quos
1041 1226 1150 1268 Angeli
1170 1227 1312 1260 caecitate

109 1279 303 1321 percutiunt.
328 1278 418 1311 Idem
434 1280 498 1311 Lot
516 1279 642 1321 generis
662 1279 750 1322 sequi
771 1278 998 1316 recusantibus,
1011 1280 1193 1322 prohibitus
1206 1291 1246 1312 ne
1263 1291 1312 1312 re-

110 1340 162 1366 tro
186 1334 351 1376 respiciat.
378 1333 549 1369 (ducitur;
575 1339 607 1366 et
632 1345 693 1376 qua
719 1334 842 1367 ratione
863 1334 901 1366 ad
917 1345 972 1366 nos
986 1346 1113 1378 quoque
1125 1335 1201 1367 illud
1216 1337 1314 1378 perti-

109 1390 204 1429 neat?
218 1389 375 1421 Excusato
387 1388 515 1420 demum
528 1387 660 1431 filiarum
675 1399 745 1420 cum
761 1394 894 1433 parente
908 1388 1040 1426 incestu,
1056 1389 1220 1423 ebrietatis
1233 1391 1312 1433 mala

110 1443 345 1476 describuntur.

67 1498 178 1528 CAPUT
205 1497 287 1529 Vll.
322 1497 411 1528 Mors
435 1496 620 1539 Abimelech
645 1496 686 1527 ob
712 1501 864 1528 tentatam
887 1496 974 1527 Sarae
997 1495 1182 1538 pudicitiam
1198 1507 1213 1527 a
1234 1497 1301 1528 Deo

112 1553 279 1583 intentata.
310 1556 464 1593 quantum
491 1550 530 1582 sit
554 1548 700 1581 adulterii
719 1549 838 1580 crimen
865 1553 1030 1581 monstrat.
1051 1549 1159 1588 Quare
1174 1550 1316 1592 ejusdem

112 1606 156 1638 rei
177 1615 268 1638 causa
291 1605 416 1637 Pharao
431 1604 569 1645 gravius,
587 1613 681 1646 quam
708 1601 896 1634 Abimelech
918 1602 1108 1644 castigatus?
1131 1603 1204 1642 Quo
1222 1604 1317 1636 etiam

114 1666 206 1702 pacto
230 1661 269 1692 ab
294 1659 387 1701 hujus
413 1658 508 1690 domo
532 1657 653 1690 sublata
681 1657 854 1689 Abrahami
871 1657 1017 1700 precibus
1038 1657 1187 1690 sterilitas
1208 1657 1312 1694 datam

113 1712 264 1745 Ecclesiae
288 1711 526 1745 soecunditatem
552 1711 721 1754 signaverit
737 1712 749 1741 Ρ
773 1710 920 1743 Nascitur
939 1711 1039 1749 Isaac,
1054 1716 1084 1743 et
1104 1722 1121 1742 a
1137 1717 1238 1743 matre
1253 1712 1314 1743 lac-

114 1772 208 1800 tatur.
238 1766 354 1798 lsmael
378 1771 483 1799 autent
506 1765 593 1796 Sarae
609 1764 744 1806 impulsu
769 1769 801 1796 et
825 1763 933 1796 (lirino
958 1775 1107 1807 responso
1129 1763 1272 1806 ejicitur;
1289 1771 1320 1802 et

114 1831 184 1863 quae
198 1819 230 1851 in
242 1819 291 1852 his
305 1818 512 1851 includantur
525 1829 649 1850 morum
667 1823 834 1862 praeeepta.
1008 1814 1013 1817 ⁷

71 1877 178 1906 CAPUT
195 1873 297 1905 VIll.
317 1873 533 1906 Abrahanium
558 1873 643 1904 Deus
666 1873 752 1904 varie
769 1877 881 1912 tentat,
897 1872 951 1904 sed
966 1872 1100 1904 maxime
1113 1872 1186 1905 dato
1205 1872 1316 1905 immo-

114 1928 197 1961 landi
215 1927 272 1960 filii
288 1932 459 1971 praeceptO.
487 1926 638 1968 Ejusdem
657 1924 806 1968 praecepti
833 1925 954 1967 singula
975 1925 1072 1957 verba
1084 1926 1320 1968 expenduntur.

116 1990 146 2016 et
163 1983 300 2027 perfecta
315 1982 510 2015 Patriarchae
525 1980 711 2012 obedientia
729 1980 761 2011 in
776 1980 842 2021 ejus
857 1980 1068 2022 profectione,
1084 1991 1119 2012 ac
1133 1981 1257 2024 reliquo
1271 1992 1317 2013 sa·

116 2037 225 2070 crificii
242 2041 396 2080 apparatu
416 2035 606 2067 declaratur.
629 2033 794 2066 Postremo
812 2039 882 2076 post
895 2033 1072 2076 expositum
1089 2035 1275 2077 mysterium
1290 2035 1320 2066 in

117 2096 217 2124 ariete
233 2089 332 2122 Isaaci
348 2088 414 2121 vice
428 2088 535 2121 oblato
551 2086 836 2133 figuratum,tertia
850 2087 1043 2130 proponitur
1060 2086 1201 2129 ejusdem
1217 2086 1320 2132 Abfa'.

118 2145 201 2177 hami
217 2143 407 2176 benedictio.

77 2202 184 2232 (henr
201 2200 251 2231 lX
264 2197 414 2230 .Moritur
431 2196 508 2228 Sara
528 2206 563 2228 ac
579 2195 742 2238 sepelitur.
763 2194 925 2226 Abraham
942 2193 1008 2226 filio
1024 2205 1081 2225 suo
1099 2205 1230 2227 uxorem
1246 2206 1323 2238 pro-

118 2253 215 2289 videt,
237 2262 370 2295 eamque
394 2251 434 2283 ad
458 2260 524 2282 rem
546 2249 703 2281 delectum
726 2259 852 2280 servum
865 2249 1049 2290 juramento
1061 2248 1120 2280 sibi
1134 2249 1272 2291 obligat;
1293 2257 1325 2283 et

119 2306 195 2350 quid
218 2305 310 2339 isthic
328 2304 426 2337 lateat
442 2303 580 2347 mysterii
598 2304 611 2333 ;⁰
630 2304 665 2334 ln
682 2302 829 2344 eligenda
843 2301 978 2344 conjuge
992 2301 1151 2344 imprimis
1163 2302 1230 2344 ejus
1248 2304 1321 2335 reli-

120 2363 258 2405 gionem,
286 2372 323 2392 ex
350 2369 413 2402 qua
437 2357 576 2402 pendent
594 2357 949 2400 morea-spectandam.
975 2356 1145 2396 Quomodo
1160 2358 1329 2402 quaerenda

125 2416 283 2458 proxima,
300 2424 363 2445 non
379 2411 553 2453 alienigena
569 2436 576 2447 ,
602 2421 660 2443 nec
679 2411 804 2443 invita?
829 2410 901 2450 Quo
919 2411 994 2443 item
1015 2410 1110 2442 modo
1132 2411 1162 2441 in
1183 2410 1327 2444 Rebecca

123 2468 345 2515 designatavsit
365 2464 504 2498 Ecclesia
519 2469 550 2496 et
565 2464 750 2506 baptismus.
767 2465 854 2504 Quas
872 2464 999 2496 inaures
1013 2464 1158 2505 exemplo
1177 2463 1331 2496 Rebeccae

125 2523 245 2555 ambire
272 2520 408 2553 debeant
436 2518 614 2551 christianae
636 2519 798 2560 virgines3
829 2517 945 2560 quidve
972 2516 1031 2548 alia
1058 2527 1189 2556 munera
1223 2518 1325 2550 eidem

127 2577 238 2620 puellae
267 2575 373 2607 oblata
408 2572 583 2616 significent
599 2573 612 2602 ‘2'
641 2572 746 2612 Quam
776 2570 963 2604 imitandum
995 2570 1123 2614 pudoris
1152 2573 1331 2614 exemplum

233 2658 306 2695 ui:
1235 2642 1286 2700 4

1327 282 1408 337 6:⁵37

1352 639 1408 673 δι’,

1354 961 1412 989 521

1364 1821 1424 1851 555

1366 2145 1427 2173 538
