1742 3233
450 265 500 291 DE
537 263 633 291 mm
666 263 717 289 ET
754 261 869 288 AnEL.
896 261 987 289 .1,113.
1025 260 1050 288 1.
1340 247 1420 298 341

73 341 272 383 nantibus
289 340 401 381 enim
427 339 653 396 hospitium
673 353 802 378 unum
828 345 1032 394 perpetuo
1053 352 1141 378 esse
1167 352 1247 377 non
1271 345 1418 393 potest.

70 411 259 466 Denique
284 411 496 457 Rebecca,
521 423 617 449 eum
641 409 745 448 duas
768 414 937 447 naturas
959 406 1131 447 humani
1157 406 1310 462 ingenii
1333 422 1424 463 par-

71 480 242 527 turiret,
282 494 407 519 unam
439 478 535 518 mali
548 511 563 525 ‚.
587 479 759 518 alteram
797 476 924 523 boni,
967 491 1118 531 ea0que
1144 476 1286 516 exilire
1318 476 1425 517 intra

70 558 235 590 uterum
272 548 443 589 sentiret
483 562 603 588 suum
632 545 771 601 (Esaii
808 545 921 586 enim
955 553 1076 601 typus
1107 553 1195 585 erat
1232 544 1420 589 inalitiw,

68 618 199 659 Jacob
235 616 410 673 figuram
444 616 641 656 bonitatis
678 616 879 672 gerebat)
912 613 1060 654 mirata
1087 613 1286 669 quidnam
1320 613 1425 653 illud

70 694 197 734 esset,
228 687 340 741 quod
369 685 621 725 discordiam
654 686 880 740 quamdam
908 683 1100 739 concepti
1126 688 1317 723 cerneret
1346 681 1422 721 su·-

68 763 160 803 tus,
188 754 398 795 consuluit
433 754 593 802 Deum,
620 762 664 795 ut
699 754 937 811 passionem
969 754 1189 810 proderet,
1214 753 1421 792 medelam

68 825 196 865 daret.
242 824 385 880 Itaque
415 824 603 880 precanti
635 833 698 865 est
731 838 977 880 responsum
1017 823 1228 864 redditum
1255 837 1264 862 :
1292 822 1421 862 «Duae

66 902 240 950 »gentes
267 894 308 934 in
342 902 460 934 utero
492 902 561 934 tuo
602 901 722 940 sunt,
750 901 790 934 et
818 894 900 934 duo
924 893 1070 949 populi
1105 893 1155 933 de
1178 899 1320 933 ventre
1348 899 1420 931 tuo

66 981 81 1001 >›
100 963 317 1004 exibunt¹,
340 964 496 1014 »Quod
524 964 555 1004 si
580 965 628 1004 ad
649 963 827 1004 animam
848 962 1022 1010 reseras,
1041 963 1231 1002 eamdem
1252 975 1426 1017 genera-

66 1031 212 1072 tricem
234 1032 333 1072 honi
357 1039 396 1072 et
417 1032 514 1072 mali
532 1032 735 1087 intelliges
750 1061 759 1079 ,
779 1032 874 1087 quia
898 1047 948 1072 ex
970 1033 1117 1072 eodem
1142 1030 1253 1070 sonte
1272 1029 1419 1069 animae

65 1109 291 1156 utrumque
316 1101 513 1141 dimanat.
547 1100 629 1141 Sed
656 1100 736 1141 hoc
765 1100 891 1140 s’obrii
918 1102 1022 1141 solet
1044 1115 1132 1140 esse
1158 1099 1327 1154 verique
1352 1097 1420 1153 ju·-

66 1169 187 1216 dieii3
232 1177 300 1217 ut,
346 1169 564 1225 repudiato
597 1170 726 1216 malo,
764 1170 946 1210 enutriat
980 1171 1094 1225 quod
1134 1170 1293 1209 bonum
1330 1175 1389 1208 est
1408 1201 1416 1215 ,

60 1246 187 1294 atque
205 1237 439 1279 confirmet.
466 1237 584 1278 Prius
599 1253 695 1294 ergo
719 1253 844 1293 quam
868 1239 1000 1295 pariat
1022 1239 1203 1286 bonum,
1223 1238 1304 1279 hoe
1327 1246 1389 1279 est
1406 1270 1414 1285 ,

63 1308 342 1349 reverentiam
362 1308 449 1349 Deo
469 1307 650 1348 debitam
666 1340 675 1354 ‚
695 1316 741 1348 ut
759 1307 834 1364 ipsi
858 1316 993 1349 totum
1016 1308 1173 1349 deserat
1188 1340 1197 1354 ,
1218 1323 1289 1348 sua
1309 1323 1418 1363 prte-

59 1376 164 1419 serat
184 1392 192 1417 :
213 1392 310 1417 eum
326 1392 423 1418 vero
444 1376 631 1433 gennerit
653 1377 972 1426 consessionem,
999 1393 1091 1433 quae
1103 1378 1289 1419 defertur
1304 1378 1408 1425 Deo,

62 1447 231 1503 deponit
260 1446 397 1487 cordis
421 1447 483 1487 sui
508 1454 732 1488 tumorem.
755 1447 967 1502 Adjiciens
995 1463 1092 1504 ergo
1115 1448 1226 1489 Deus
1253 1448 1413 1489 bonum

54 1514 207 1555 animae
232 1516 381 1571 dogma
405 1515 532 1563 Abel,
559 1515 724 1556 abstulit
743 1515 984 1572 improbum
1007 1518 1156 1574 dogma
1181 1517 1295 1558 Cain.

105 1651 115 1667 ¹
136 1646 217 1677 Gen.
236 1657 314 1687 xxv,
333 1648 381 1679 23.
