1747 3260
528 276 829 303 nemaeum.
867 277 946 304 Lm.
986 278 1012 304 1.
1399 268 1458 325 37

96 370 111 391 »
128 360 278 394 cuncta
295 367 550 410 componens
569 352 598 394 ¹.
626 371 641 392 »
669 353 741 394 Est
768 353 894 394 etiam
915 353 1036 395 bonae
1058 355 1314 413 principium
1335 359 1458 400 disci-

95 423 240 480 plinae,
261 424 369 465 sieut
400 432 461 465 est
489 424 619 465 illud:
656 442 670 461 «
698 424 869 466 Initium
897 425 1108 481 sapientiae
1133 435 1195 468 est
1224 427 1349 468 timor
1368 428 1459 470 Do-

96 511 111 532 »
125 491 253 534 mini²
271 508 280 534 :
301 510 315 531 »
338 493 536 549 quoniam
553 492 624 549 qui
647 493 765 535 timet
780 493 1028 543 Dominum,
1050 496 1234 537 declinat
1251 512 1456 546 errorem⁹

96 572 138 605 et
162 564 213 604 ad
230 563 393 605 virtutis
416 562 608 604 semitam
631 563 717 604 vias
747 578 840 604 suas
865 564 1016 622 dirigit.
1048 566 1133 608 Nisi
1155 567 1267 608 enim
1293 568 1384 624 quis
1404 567 1463 609 ti-

94 633 247 675 muerit
270 634 404 675 Deum
420 666 430 681 ‚
459 648 543 674 non
565 641 703 690 potest
726 634 968 676 renuntiare
990 645 1181 692 peccato.

152 702 267 745 XIII.
306 703 444 754 Quod
464 717 582 758 aeque
613 702 740 744 etiam
774 704 823 743 de
857 703 926 745 illo
965 719 1189 761 possumus
1222 706 1413 763 accipere
1445 723 1458 747 :

107 790 123 810 «
150 772 300 814 Mensis
329 772 397 813 hic
422 772 587 813 initium
609 771 817 814 mensium
839 773 918 825 erjt
947 774 1060 815 vobis
1081 773 1092 795 ³
1116 791 1127 822 3
1156 794 1171 812 »
1207 776 1394 831 quamvis
1416 784 1460 818 et

94 843 144 884 de
165 850 351 899 tempore
374 841 484 883 istud
503 842 747 898 accipiatur,
765 843 860 898 quia
880 830 934 884 dc
950 837 1107 885 Pascha
1126 844 1295 886 Domini
1311 847 1459 902 loque-

94 912 240 961 batur,
267 913 381 968 quod
402 911 509 953 veris
532 911 649 953 initio
671 912 918 954 celebratur.
943 913 989 953 In
1015 913 1095 955 hoc
1124 930 1222 971 ergo
1248 915 1463 971 principio

94 982 301 1022 mensium
317 1013 328 1028 ,
355 983 510 1022 coelum
533 988 575 1022 et
600 989 754 1022 terram
777 981 898 1030 fecit,
930 983 1042 1037 quod
1066 982 1163 1024 inde
1185 983 1333 1024 mundi
1361 983 1458 1040 capi

83 1051 315 1108 *oportebat
339 1050 559 1092 exordium
575 1083 586 1099 ,
620 1050 693 1091 ubi
722 1058 810 1092 erat
836 1059 1073 1108 opportuna
1096 1053 1292 1094 omnibus
1326 1068 1455 1095 verna

94 1120 328 1177 temperies.
359 1120 477 1161 L'nde
504 1128 546 1162 et
568 1135 700 1162 annus
726 1121 875 1164 mundi
898 1122 1122 1180 imaginem
1144 1123 1354 1164 nascentis
1377 1139 1453 1165 ex-

92 1186 264 1248 pressit,
289 1198 336 1231 ut
353 1198 445 1247 post
466 1190 677 1247 hybernas
699 1191 852 1248 glacies
878 1199 1003 1248 atque
1026 1192 1241 1248 hyemales
1258 1192 1462 1249 caligines

94 1260 278 1302 serenior
297 1261 418 1302 solito
435 1260 553 1302 verni
575 1261 776 1317 temporis
800 1262 998 1317 splendor
1015 1262 1194 1303 eluceat.
1221 1262 1463 1319 Deditergo

92 1330 270 1373 sormam
287 1331 439 1373 suturis
458 1346 665 1372 annorum
683 1331 904 1372 curriCulis
921 1332 1069 1372 mundi
1086 1331 1246 1388 primus
1264 1340 1460 1389 exortus,

92 1409 140 1442 ut
160 1416 207 1442 ea
224 1402 315 1458 lege
337 1415 544 1442 annorum
563 1399 674 1442 vices
702 1408 946 1456 surgerent,
967 1407 1089 1456 atque
1113 1400 1230 1441 initio
1249 1400 1316 1456 cuj
1326 1416 1461 1457 usque·

94 1469 191 1511 anni
209 1470 584 1527 produceretterra
603 1483 708 1510 nova
723 1468 931 1509 seminum
950 1462 1252 1525 germina,'quo
1270 1469 1459 1526 primum

91 1537 297 1581 Dominus
312 1538 424 1580 Deus
442 1537 601 1579 dixerat
621 1552 630 1578 :
659 1555 673 1575 «
691 1536 910 1579 Germinet
926 1545 1038 1579 terra
1061 1537 1237 1579 herbam
1252 1538 1369 1587 foeni,
1391 1554 1462 1581 se-

93 1607 287 1650 »minans
308 1623 450 1649 semen
474 1608 708 1650 secundum
730 1622 861 1664 genus
888 1615 929 1649 et
957 1609 1190 1649 secundum
1214 1608 1461 1651 similitudi-

91 1696 108 1717 »
123 1670 234 1727 nem,
255 1686 296 1720 et
315 1679 476 1736 lignum
490 1676 753 1720 fructiferum
770 1677 926 1719 faciens
943 1677 1130 1719 fructum
1158 1677 1188 1720 Δ.
1213 1696 1228 1717 »
1250 1678 1301 1719 Et
1319 1679 1460 1722 statim

90 1748 288 1805 produxit
309 1756 419 1790 terra
436 1748 612 1789 herbam
624 1746 740 1795 soeni,
759 1755 802 1788 et
818 1746 979 1804 lignum
991 1746 1280 1796 frucssserunu
1307 1748 1349 1788 in
1373 1763 1461 1805 quo

92 1818 213 1860 nobis
231 1827 272 1860 et
287 1818 587 1861 moderationis
604 1825 817 1874 perpetua:
835 1817 972 1859 divina
989 1818 1270 1875 proridentia,
1286 1826 1327 1859 et
1345 1820 1461 1859 cele-

87 1887 186 1930 ritas
203 1897 323 1930 terrae
342 1883 614 1945 germinantis
634 1888 684 1927 ad
698 1886 1020 1929 aestimationem
1042 1903 1179 1929 vernae
1200 1887 1459 1945 suffragatur

86 1957 228 1999 aetatis.
249 1957 352 2000 Nam
370 1957 445 1999 etsi
462 1970 731 2013 quocumque
748 1964 937 2013 tempore
952 1964 993 1997 et
1011 1956 1261 2013 Deojubere
1278 1972 1458 2014 promp-

87 2035 176 2068 tum
205 2026 305 2078 fuit,
338 2035 380 2069 et
410 2035 587 2069 terrenae
615 2034 774 2068 naturae
803 2026 997 2075 obedire,
1026 2034 1074 2068 ut
1099 2026 1207 2068 inter
1238 2026 1455 2083 hybernas

89 2097 240 2155 glacies
256 2131 266 2148 ‚
293 2106 335 2139 et
356 2097 570 2155 hyemales
590 2096 759 2154 pruinas
782 2095 961 2138 coelestis
987 2095 1152 2154 imperii
1175 2095 1266 2137 fotu
1291 2095 1454 2152 germi-

89 2182 194 2211 nans
216 2176 324 2210 terra
339 2167 487 2209 foetum
504 2167 760 2225 produceret
772 2182 784 2215 3
804 2181 889 2208 non
901 2173 991 2208 erat
1007 2173 1146 2207 tamen
1165 2165 1453 2222 dispositionis

86 2246 256 2280 aeternae
285 2238 419 2297 rigido
449 2237 592 2279 stricta
618 2238 715 2295 gelu
748 2237 788 2277 in
821 2236 973 2277 virides
998 2235 1137 2277 subito
1161 2235 1323 2276 fructus
1356 2249 1453 2276 arva

87 2308 247 2357 laxare,
273 2316 398 2364 atque
414 2306 684 2349 horrentibus
700 2305 862 2364 pruinis
878 2304 1102 2347 florulenta
1120 2304 1313 2347 miscere.
1342 2302 1458 2360 Ergo

87 2385 135 2419 ut
168 2379 409 2420 ostenderet
443 2377 662 2435 Scriptura
697 2375 807 2418 veris
841 2383 1032 2433 tempora
1075 2374 1116 2415 in
1151 2372 1459 2415 constitutione

94 2447 265 2497 mundi,
289 2448 369 2490 ait:
406 2466 421 2486 «
443 2446 596 2491 Mensis
618 2446 687 2489 hic
704 2445 822 2488 vobis
848 2444 1017 2488 initium
1033 2442 1240 2485 mensium
1256 2475 1268 2493 ,
1295 2442 1461 2500 primus

136 2562 146 2577 ³
168 2553 263 2587 Prov.
283 2563 359 2590 vm,
375 2564 424 2596 ²9·
443 2570 484 2577 —
499 2563 512 2577 ²
534 2552 617 2586 Psal.
633 2562 686 2592 cx,
707 2561 762 2592 103
779 2552 875 2585 Prov.
895 2562 920 2591 1,
937 2561 971 2593 7,
985 2553 1016 2582 et
1033 2547 1132 2581 Eccli.
1152 2559 1177 2588 ι,
1197 2547 1246 2581 16.
1263 2565 1300 2572 —
1321 2548 1335 2571 ³
1350 2542 1456 2578 Exod-

90 2617 150 2647 xn,
167 2618 199 2640 2.
219 2626 256 2633 —
279 2610 291 2636 ⁴
309 2607 393 2641 Gen.
415 2618 438 2647 ι,
460 2617 509 2640 11.
