1742 3233
516 287 567 314 DE
602 285 808 313 ABRAHAM.
847 286 926 314 mn.
965 287 1008 314 11.
1351 274 1436 316 615

88 362 175 411 bet,
188 372 365 419 persona
375 362 515 404 deficit
529 363 667 411 unius,
679 361 864 404 'conditio
876 365 940 405 vel
952 377 1107 405 nomen
1118 364 1339 406 hominum
1350 379 1436 407 non

88 431 242 475 deficit.
260 432 321 474 Ex
336 432 534 474 diuturno
554 432 679 489 igitur
696 438 738 473 ct
752 431 919 474 innoxio
938 433 980 475 in
995 432 1052 482 id,
1069 433 1184 490 quod
1204 435 1435 491 temporale

86 511 150 545 est
179 511 221 545 et
241 503 409 545 noxium
433 511 628 559 peccator
650 502 896 552 deducitur,
921 504 991 559 qni
1016 504 1166 546 mentis
1192 519 1277 547 suae
1305 505 1436 546 ascri-

85 574 185 616 berc
209 574 334 615 debet
365 572 570 621 infantiae,
593 574 708 630 quod
734 574 925 616 incautus
950 573 1028 615 fuit
1054 582 1096 615 ct
1123 574 1405 632 intemperans
1423 607 1434 623 ,

84 646 150 686 vel
179 644 467 686 remissionem
494 653 765 702 pcccatorum
790 660 875 688 non
902 644 1120 702 acquisivit
1143 656 1187 686 εἰ(
1212 645 1299 687 Nisi
1321 646 1436 688 enim

84 713 205 770 »quis
226 722 394 756 renatus
417 714 541 756 fucrit
566 731 616 756 cx
636 730 742 771 aqua
764 723 806 757 ct
828 714 986 772 Spiritu
1003 723 1164 764 sancto,
1191 730 1276 757 non
1298 724 1437 773 potest

82 802 98 823 »
113 783 285 825 introire
319 784 361 825 in
387 793 564 841 regnum
588 785 665 827 Dei
687 784 717 827 ¹.
749 785 929 842 »Utique
955 786 1118 827 nullum
1148 785 1323 843 excipit,
1351 801 1437 828 non

83 854 302 904 infantem,
330 870 415 896 non
437 856 572 912 aliqua
596 864 855 912 praeycntum
879 856 1136 898 necessitate.
1163 856 1355 898 Habeant
1377 864 1435 898 ta-

81 939 180 965 men
198 924 310 966 illam
328 934 516 982 opertam
533 941 753 982 poenarum
777 926 1104 975 immunitatem,
1129 926 1271 968 nescio
1290 940 1342 968 an
1357 925 1436 968 ha-

82 994 209 1037 beant
229 997 345 1053 regni
367 997 572 1039 honorem
599 997 707 1055 (62).
995 986 999 989 .

137 1066 351 1110 LXXXV.
368 1067 478 1110 Sarae
490 1083 657 1124 quoque
671 1082 753 1110 una
773 1063 938 1109 additur
955 1067 1109 1115 littera,
1124 1067 1205 1108 hoc
1222 1076 1300 1116 651,
1319 1068 1372 1116 R,
1387 1077 1434 1110 ut

80 1145 299 1178 vocaretur
309 1136 444 1179 Sarra.
455 1138 490 1188 Q
498 1138 580 1178 uod
590 1137 734 1192 utique
742 1152 818 1193 par
829 1144 906 1185 est,
920 1136 1019 1178 utin
1030 1136 1262 1192 superi‘orib
1270 1151 1332 1184 us,
1345 1151 1431 1178 non

80 1205 203 1247 11111115
221 1206 459 1262 adjectione
472 1206 635 1263 pensari
659 1205 818 1248 litterae.
844 1206 936 1249 Non
959 1206 1072 1247 enim
1089 1220 1242 1248 munus
1263 1207 1352 1248 Deo
1370 1215 1433 1249 est

73 1290 158 1318 una
178 1277 332 1326 littera,
353 1277 426 1319 sed
442 1278 571 1319 virtus
592 1277 758 1325 littcrae,
781 1292 872 1334 quaa
888 1275 1084 1334 exprimit
1099 1276 1284 1319 muneris
1301 1277 1429 1320 divini

72 1346 262 1403 gratiam.
281 1346 404 1388 Sarra
420 1347 534 1389 enim
555 1347 710 1389 (licitur
724 1350 814 1401 ἀρχὴ
830 1351 890 1397 ἐμὴ
903 1382 912 1400 ,
931 1346 1012 1388 1106
1027 1354 1109 1395 651,
1126 1354 1307 1403 potestas
1318 1361 1428 1395 mea,

72 1418 138 1458 vel
165 1416 423 1474 principatus
446 1417 530 1460 mei
546 1416 735 1465 initium,
761 1417 826 1458 Vel
847 1416 968 1473 regis,
1003 1416 1103 1458 Sara
1119 1431 1253 1471 graece
1279 1417 1432 1459 dicitur

72 1491 243 1541 ἄρχουσα,
255 1487 384 1529 latine
400 1503 491 1544 quae
506 1496 634 1545 regat.
651 1488 725 1530 Illa
741 1487 928 1529 mortalis
947 1485 1036 1545 (63)
1047 1519 1058 1535 ,
1072 1486 1149 1529 ista
1159 1487 1428 1529 immortalis:

73 1556 141 1598 illa
173 1557 390 1616 specialis,
416 1558 492 1599 ista
519 1557 735 1615 generalis.
766 1557 840 1598 Est
867 1571 1049 1613 namque
1078 1557 1120 1598 in
1151 1572 1220 1599 me
1245 1557 1431 1613 pruden«

74 1626 144 1676 tia,
168 1628 210 1669 in
225 1644 295 1670 me
319 1628 580 1676 castimonia,
609 1628 651 1669 in
673 1642 743 1669 me
769 1627 915 1676 virtus,
939 1627 981 1668 in
1003 1642 1072 1668 1116
1087 1627 1261 1683 justitia,
1286 1643 1353 1669 1116
1370 1643 1432 1670 5ο-

71 1699 160 1740 lum
187 1707 363 1756 regunt,
388 1707 430 1741 61
455 1699 559 1740 1111111
581 1698 874 1745 dominantur,
899 1705 942 1739 et
969 1705 1066 1739 sunt
1095 1699 1306 1740 mortales.
1339 1697 1431 1740 Mo-

72 1767 205 1810 riente
232 1768 345 1810 enim
368 1783 435 1810 me
450 1800 460 1816 ,
488 1770 709 1810 solxuntur
736 1776 778 1809 et
803 1767 1046 1810 moriuntur
1063 1767 1191 1809 etiam
1211 1767 1292 1809 illa.
1326 1767 1431 1818 Quae

73 1847 212 1881 autem
229 1839 452 1896 prudentia
471 1839 721 1895 generaliter
742 1839 912 1887 dicitur,
938 1854 1030 1891 quae
1052 1838 1314 1887 castimonia,
1339 1854 1431 1895 quae

71 1908 293 1957 fortitudo,
318 1917 563 1965 caeteraeque
585 1909 759 1951 virtutes
782 1909 1063 1967 principalem
1087 1910 1160 1951 sed
1182 1909 1430 1967 generaliter

71 1980 321 2037 principales
337 2011 348 2028 ,
374 1987 413 2020 et
435 1979 588 2036 reginae
614 1980 807 2035 quaedam
837 1979 1110 2028 immortales,
1139 1979 1181 2020 in
1202 1978 1266 2021 his
1288 1987 1432 2036 potes-⁷1

72 2057 133 2091 tas
159 2057 242 2098 est,
277 2049 514 2091 immortale
548 2049 651 2090 illud
677 2049 933 2106 principale,
958 2049 1068 2091 sicut
1091 2057 1155 2090 651.
1182 2048 1323 2105 regina
1346 2049 1429 2090 Ec·-
1473 2043 1476 2046 ⁴

72 2119 197 2162 clesia
210 2135 301 2176 quae
319 2134 404 2161 non
415 2134 484 2161 me
494 2134 644 2167 111111111,
664 2119 736 2160 sed
749 2119 964 2161 universos
976 2119 1227 2176 regat.Ergo
1246 2118 1429 2175 speciem

72 2189 114 2231 in
145 2205 291 2247 genus,
320 2197 484 2246 partem
518 2189 559 2230 in
592 2189 935 2237 universitatem,
967 2189 1363 2247 corruptibilitatem
1389 2189 1432 2232 in

73 2258 514 2317 incorruptibilitatem
544 2273 789 2301 conversam
815 2259 1005 2302 videmus
1025 2274 1035 2301 ε
1055 2274 1149 2316 quae
1183 2259 1322 2301 omnia
1351 2258 1428 2300 Ε6-

73 2328 208 2370 closiae
234 2329 460 2371 convenire
487 2337 652 2371 certum
671 2338 745 2371 est.
770 2329 862 2371 Non
888 2329 1002 2371 enim
1017 2328 1205 2386 specialis
1222 2328 1330 2376 haec,
1355 2329 1428 2370 sed

73 2400 275 2456 generalis
295 2400 399 2441 ratio
417 2407 495 2448 est,
515 2409 591 2442 nec
609 2400 753 2457 partis,
773 2401 845 2441 sed
863 2399 1142 2442 universitatis
1163 2400 1282 2440 salus.
1308 2397 1425 2440 ldeo-

74 2485 154 2525 que
177 2470 240 2511 his
260 2469 594 2527 praecedentibus
619 2481 719 2511 cum
740 2484 1084 2526 unumquemque
1105 2467 1328 2526 prudentia
1350 2483 1423 2509 sua

75 2541 126 2582 ad
151 2540 259 2582 hanc
285 2540 558 2598 principalem
589 2548 630 2581 et
657 2539 850 2582 diffusam
878 2555 952 2597 per
974 2553 1119 2582 omnes
1145 2538 1322 2581 salutem
1350 2538 1401 2580 de

121 2640 129 2653 ¹
153 2631 249 2663 Joan.
269 2642 319 2667 111,
337 2633 366 2663 5.
385 2650 424 2655 --
441 2642 452 2656 ²
474 2632 556 2662 Gen.
576 2641 657 2669 xvii,
682 2632 731 2662 15.
