1747 3260
300 263 381 310 κοί(
841 271 871 297 s.
912 269 1101 297 AMBROSH

295 360 438 409 postea
459 349 632 396 sumum,
653 347 748 388 inde
770 345 816 387 fit
832 335 1006 387 sruc'tus.
1035 345 1141 386 Sunt
1159 344 1372 385 nascentia
1393 360 1483 400 quae
1506 346 1557 386 de
1583 360 1652 386 ra-
1704 338 1708 380 ἰ

1700 259 1743 459 ²³

299 421 390 462 dice
412 418 662 476 germinant,
682 425 729 457 ut
747 416 916 457 arbores
935 430 1026 471 quae
1046 429 1129 455 nou
1153 421 1248 455 sunt
1270 422 1382 463 satae,
1407 429 1457 455 ex
1479 415 1656 456 aliarum

299 491 496 532 arborum
518 487 658 529 radice
676 494 918 527 nascuntur.
941 486 988 526 ln
1007 484 1210 526 arundine
1228 483 1418 526 videmus
1438 485 1658 541 quomodo

298 561 341 602 in
364 567 550 601 extremo
574 557 664 613 ejus
687 557 799 597 velut
823 555 992 611 qnidam
1018 553 1063 595 sit
1085 555 1219 595 nodus
1248 570 1271 595 e
1299 556 1450 603 latere,
1484 563 1525 596 ot
1557 555 1654 597 inde

302 629 378 671 alia
406 629 566 670 arundo
591 625 808 683 germinat.
841 625 914 666 Est
934 640 1032 681 ergo
1055 624 1095 665 in
1120 624 1260 666 radice
1296 624 1356 665 vis
1383 626 1573 680 quaedam
1597 639 1658 666 se-

298 696 477 739 minarii.
505 695 672 736 Insitiva
700 709 866 750 quoque
894 694 935 734 in
959 693 1243 750 superioribus
1272 694 1518 751 germinant.
1554 693 1659 735 Aliis·

300 782 399 823 ergo
418 782 439 806 a
461 764 619 811 radice,
645 763 732 804 aliis
761 763 921 804 diverso
944 778 1118 805 munere
1142 763 1267 804 series
1289 764 1563 805 successionis
1586 778 1659 805 ac-

302 835 496 893 quiritur.
524 835 636 875 Inest
658 833 768 874 enin]
791 833 1061 874 nascentibus
1095 833 1264 889 singulis
1303 842 1373 874 aut
1396 849 1555 881 semen,
1588 841 1658 874 aut

300 906 432 947 virtus
456 904 591 960 aliqua
617 902 854 950 seminaria,
878 910 918 943 et
941 917 989 943 ca
1026 903 1258 943 secundum
1293 918 1443 959 genus3
1472 910 1518 943 ut
1545 903 1660 958 quod

302 976 488 1019 nascitur
511 990 561 1016 ex
581 989 644 1021 ea,
665 973 797 1014 simile
817 988 962 1014 eorum
979 988 1069 1029 quse
1088 980 1174 1014 sata
1191 980 1303 1021 sunt,
1323 973 1388 1014 vel
1410 987 1590 1028 quorum
1609 972 1660 1013 dc-

303 1046 444 1088 radice
467 1045 532 1093 sit,
559 1043 775 1101 germinet.
797 1043 858 1084 De
881 1042 1019 1083 tritico
1044 1042 1247 1090 triticum,
1269 1043 1319 1083 de
1341 1042 1456 1082 milio
1479 1041 1656 1090 milium,

303 1120 354 1159 dc
377 1131 482 1174 pyro
504 1130 632 1172 pyrus
657 1114 750 1155 albo
768 1113 871 1154 ssore
887 1112 1124 1170 prorumpit
1145 1127 1153 1154 :
1176 1120 1366 1153 castanea
1386 1127 1554 1169 quoque
1575 1127 1648 1154 sur

305 1187 362 1244 git
385 1188 436 1228 de
457 1185 598 1227 radice
625 1192 844 1226 castaneae.

362 1255 560 1300 XXXIV.
611 1273 626 1293 α
644 1254 878 1301 Germinet,
898 1253 1047 1309 inquit,
1074 1261 1182 1294 terra
1201 1253 1375 1294 herbam
1394 1253 1492 1294 soeni
1510 1269 1650 1295 secun-

305 1327 437 1367 »dum
454 1340 597 1381 genus.
621 1324 701 1365 »Et
725 1323 926 1365 continuo
948 1323 1184 1379 parturiens
1210 1331 1316 1364 terra
1341 1337 1474 1377 novos(
1492 1339 1534 1365 se
1556 1323 1659 1366 fudit

305 1397 348 1438 in
371 1404 528 1454 partim,
550 1403 590 1436 et
615 1394 750 1436 induit
773 1409 815 1435 se
832 1394 1033 1434 amictum
1049 1393 1282 1442 viriditatis,
1308 1394 1482 1451 gratiam
1505 1394 1661 1435 seecun-

305 1467 444 1509 ditatis
459 1465 695 1522 assumpsit,
712 1465 966 1521 diversisque
979 1473 1147 1522 compta
1170 1465 1445 1521 germinibus,
1472 1464 1665 1522 proprios

307 1537 490 1594 suscepit
521 1543 704 1577 ornatus,
747 1534 948 1577 Miramur
981 1535 1093 1590 quod
1114 1542 1200 1575 tam
1236 1534 1318 1575 cito
1340 1534 1660 1591 germinaverit,

309 1615 465 1664 quanto
490 1605 649 1662 majora
671 1605 871 1645 miracula
890 1612 1009 1653 sunt,
1035 1604 1067 1645 si
1086 1612 1247 1661 spectes
1264 1604 1442 1661 singula,
1468 1605 1664 1661 quemad-

307 1677 481 1718 modum
502 1676 567 1716 ·vel
593 1674 703 1731 jacta
726 1674 768 1715 in
799 1682 954 1715 terram
985 1674 1142 1715 semina
1175 1675 1460 1721 resolvantur,
1502 1688 1549 1715 ac
1586 1672 1668 1714 nisi

307 1753 474 1789 mortua
496 1744 672 1791 suerint,
696 1745 859 1784 nullum
888 1743 1074 1784 fructum
1097 1742 1271 1784 afferant
1299 1759 1308 1784 :
1336 1744 1368 1784 si
1389 1759 1487 1785 vero
1511 1743 1666 1785 suerint

309 1817 490 1873 quadam
508 1815 570 1856 sui
584 1822 719 1855 morte
737 1815 935 1862 resoluta,
955 1813 996 1854 in
1017 1814 1233 1854 uberiores
1249 1813 1410 1855 fructus
1428 1821 1659 1870 resurgant.

309 1884 494 1942 Suscipit
515 1883 639 1941 igitur
660 1899 838 1940 granum
861 1883 987 1924 tritici
1009 1884 1143 1940 putris
1165 1884 1283 1940 gleba
1312 1882 1392 1941 (S),
1410 1892 1451 1925 et
1475 1897 1665 1941 sparsum

310 1956 480 1998 cohibet
503 1954 692 2003 occatio,
722 1969 769 1996 ac
793 1956 906 1996 velut
935 1963 1123 2005 materno
1153 1962 1260 1996 terra
1287 1954 1446 2012 gremio
1484 1954 1594 1996 fovet
1623 1961 1672 1996 et

309 2025 564 2084 comprimit.
592 2025 695 2066 Inde
719 2040 815 2067 cum
843 2040 883 2066 se
905 2040 1080 2082 granum
1103 2025 1206 2067 illud
1228 2025 1467 2074 resolverit,
1492 2025 1666 2067 herbam

309 2097 531 2155 germinat,
556 2104 669 2153 grata
694 2096 780 2153 ipsa
806 2095 892 2152 jam
925 2095 1082 2153 species
1113 2095 1399 2137 herbescentis
1421 2095 1664 2144 viriditatis,

309 2183 401 2224 quae
426 2167 563 2208 statim
585 2181 715 2223 genus
743 2166 860 2207 sativi
884 2166 1158 2207 similitudine
1177 2167 1238 2207 sui
1260 2167 1420 2223 prodit3
1446 2175 1492 2208 ut
1513 2167 1553 2207 in
1575 2165 1664 2223 ipso

311 2253 394 2279 suae
421 2236 559 2293 stirpis
588 2236 758 2277 exordio
787 2236 907 2293 cujus
933 2236 1094 2293 generis
1121 2236 1250 2278 herba
1282 2236 1332 2277 sit
1361 2251 1661 2294 recognoscas,

308 2317 434 2365 atque
452 2308 494 2350 in
513 2307 654 2349 herbis
677 2307 838 2349 fructus
862 2315 1081 2364 appareat3
1100 2307 1385 2364 paulatimque
1404 2306 1602 2349 adolescit
1618 2315 1666 2349 ut

306 2379 487 2427 soenum,
511 2381 736 2436 culmoque
760 2379 993 2436 pubescens
1019 2378 1192 2435 erigitur
1212 2385 1253 2419 et
1276 2378 1465 2435 assurgit.
1493 2377 1570 2420 Ast
1590 2377 1666 2421 ubi

309 2466 352 2492 se
374 2451 607 2507 geniculata
628 2450 714 2506 jam
736 2451 849 2507 spica
871 2450 1099 2499 sustulerit,
1123 2450 1280 2507 vaginae
1298 2451 1490 2507 quaedam
1510 2449 1664 2491 suturae

307 2519 417 2577 frugi
438 2529 652 2577 parantur,
680 2521 720 2562 in
740 2521 891 2577 quibus
905 2536 1079 2578 granum
1103 2520 1308 2562 formatur
1326 2514 1513 2568 interius,
1533 2534 1586 2561 ne
1609 2527 1664 2561 te-

290 2601 408 2634 'nera
430 2589 522 2647 ejus
547 2590 773 2647 primordia
799 2600 869 2634 aut
891 2591 1020 2649 frigus
1044 2592 1180 2639 lcedat,
1208 2599 1279 2632 aut
1301 2591 1396 2632 solis
1418 2588 1541 2632 {estus
1561 2588 1667 2631 exu-

1709 475 1713 500 ἰ

1710 504 1714 523 2

1712 570 1717 614 ὲ

1714 617 1718 646 ¹.

1721 795 1723 805 Α

1728 438 1745 550 ἔα·

1733 543 1747 631 i

1736 633 1747 681 ἢ

1733 684 1747 795 1³2
