1742 3233
293 225 379 269 362
841 241 873 268 s.
913 242 1101 270 Ammosu

294 315 531 363 vindicare,
568 331 644 357 noc
681 316 863 357 auctoris
905 318 1107 374 deputare
1136 320 1302 376 gratiae,
1333 323 1408 362 sed
1443 321 1576 379 ipsum
1601 339 1649 365 se

293 400 466 426 suorum
497 384 706 426 bonorum
737 393 952 427 auctorem
988 388 1154 429 ducere.
1202 389 1395 430 Tertium
1425 406 1555 447 genus
1587 400 1650 434 cst

295 451 456 511 peccati
489 453 655 509 quidem
684 454 880 502 minoris,
909 456 981 496 sed
1014 456 1202 512 supparis
1235 458 1477 514 arrogantiae
1503 474 1649 501 eorum

296 523 455 564 scilicet
472 523 541 579 qui
563 525 753 567 datorem
771 525 980 565 bonorum
999 525 1138 581 ¹Deum
1155 541 1238 566 non
1260 536 1413 583 negant
1435 543 1444 568 z
1467 530 1540 569 sed
1557 543 1652 584 quae.

299 593 548 642 acciderint,
570 609 616 635 ca
640 594 717 635 sibi
740 602 912 650 propter
933 594 1196 651 prudentiam
1218 611 1334 636 suam
1349 628 1359 643 ,
1390 604 1654 639 caeterarum-

299 678 380 719 que
416 663 562 704 merita
603 664 805 704 virtutum
836 663 929 718 jure
965 665 1098 705 delata
1124 665 1391 706 arbitrantur.
1430 666 1654 723 Propterea

299 732 425 772 etiam
450 732 584 772 divina
604 732 751 788 dignos
772 731 936 772 habitos
959 733 1087 788 gratia
1102 765 1112 780 ,
1134 735 1247 789 quod
1263 750 1530 790 nequaquam
1548 735 1657 777 vide-

300 808 446 840 rentur
463 800 635 857 iudigni,
656 801 809 856 quibus
831 801 926 842 talia
948 801 1096 843 divinis
1118 802 1333 844 beneficiis
1353 803 1632 859 provenirent.

359 868 515 911 XXVI.
553 869 613 910 Ne
638 869 740 925 quid
767 885 865 926 ergo
890 869 1132 926 hujusmodi
1158 872 1344 920 accidat,
1380 874 1489 913 unde.
1515 881 1660 913 votum

300 944 421 978 tuum
454 938 528 978 tibi
555 937 596 978 in
625 946 849 995 peccatum
881 937 977 986 fiat,
1016 940 1082 980 lex
1115 948 1153 980 te
1180 939 1418 981 informavit
1444 948 1569 996 atque
1593 941 1660 981 in<-

303 1008 473 1055 struxit,
499 1008 663 1049 dicente
684 1008 866 1049 Domina
885 1009 955 1064 qui
977 1010 1113 1065 legem
1135 1009 1248 1050 dedit
1269 1024 1277 1050 ε
1315 1028 1329 1047 α
1351 1009 1532 1051 Attende
1554 1008 1630 1050 tibi
1648 1040 1658 1057 ‚

303 1096 319 1116 »
336 1092 386 1118 ne
410 1077 665 1118 obliviscaris
687 1076 892 1118 beneficia
909 1078 1076 1119 Domini
1100 1078 1176 1119 Dei
1192 1078 1267 1127 tui,
1295 1086 1336 1119 et
1359 1094 1442 1119 non
1455 1077 1663 1120 custodias

305 1148 527 1198 »mandata
556 1155 595 1188 et
625 1147 805 1203 judicia,
839 1155 879 1188 et
901 1147 1079 1204 justitias
1108 1149 1216 1190 illius
1241 1165 1332 1205 quae
1358 1164 1434 1206 ego
1467 1147 1664 1205 praecipio

305 1234 321 1255 »
338 1216 410 1257 tibi
427 1216 577 1264 hodie;
607 1232 658 1257 ne
686 1231 784 1257 cum
804 1217 1142 1266 manducaveris,
1169 1227 1209 1259 et
1234 1220 1419 1275 repletus
1433 1217 1571 1258 ¹fueris
1588 1249 1598 1265 ,
1624 1223 1667 1257 ct

306 1299 433 1325 »cum
451 1287 596 1326 domos
612 1286 742 1327 bonas
758 1285 1028 1327 aedificaveris
1044 1319 1055 1335 ‚
1075 1295 1115 1329 et
1132 1288 1320 1329 habitare
1340 1287 1516 1344 coeperis
1530 1287 1571 1327 in
1590 1286 1663 1334 eis,

307 1363 379 1396 »et
395 1369 490 1396 oves
510 1363 588 1396 tuae
611 1363 652 1396 et
672 1356 799 1397 boves
822 1355 882 1397 tui
906 1371 1004 1397 cum
1022 1357 1170 1414 repleti
1189 1357 1368 1404 suerint,
1395 1365 1436 1398 et
1453 1371 1551 1398 cum
1568 1370 1663 1403 aere,

309 1433 510 1481 »argento
548 1433 587 1466 et
624 1440 724 1466 auro
763 1426 998 1482 completus
1031 1425 1182 1473 fucris,
1218 1434 1258 1467 et
1295 1425 1434 1466 omnia
1457 1424 1668 1482 possidere

310 1495 514 1551 »coeperis
530 1527 539 1541 ‚
569 1503 607 1536 et
631 1497 752 1551 plena
768 1495 925 1536 suerint
946 1495 1097 1536 horrea
1129 1503 1198 1536 tua
1214 1528 1224 1543 ‚
1244 1497 1400 1555 *exaltes
1425 1510 1499 1536 cor
1518 1503 1637 1536 tuum
1655 1526 1664 1541 ‚

310 1583 326 1603 2>
341 1572 381 1606 ct
393 1565 882 1607 obliviscarisDominum
894 1565 1029 1606 Deum
1045 1565 1200 1607 tuum'.
1222 1566 1366 1607 »Tunc
1383 1580 1481 1622 ergo
1497 1564 1671 1605 oblivis-

311 1634 417 1675 ceris
443 1634 686 1683 Dominum,
704 1649 801 1676 cum
814 1634 967 1675 oblitus
983 1634 1107 1675 fueris
1123 1635 1194 1675 tui.
1222 1634 1267 1676 Si
1283 1643 1421 1676 autem
1435 1648 1667 1691 cognoscas

312 1702 529 1745 infirmum
554 1712 591 1746 te
617 1720 728 1753 esse,
759 1720 986 1761 cognosces
1014 1705 1150 1746 Deum
1172 1720 1260 1746 csse
1283 1720 1406 1762 supra
1440 1704 1607 1751 omnia,
1632 1710 1674 1745 et

310 1773 535 1816 immemor
569 1791 658 1816 esse
694 1790 779 1816 non
816 1775 995 1832 poteris,
1034 1783 1081 1816 ut
1115 1775 1151 1816 ei
1184 1775 1461 1816 reverentiam
1484 1773 1675 1816 debitam

315 1847 459 1887 solvas.

373 1915 550 1958 XXVII.
587 1915 712 1956 Disce
739 1930 852 1956 nunc
878 1915 1240 1970 quemadmodum
1268 1913 1557 1970 unusquisque
1591 1926 1678 1953 mo·
1736 1932 1740 1943 ι

313 1994 479 2034 neatur,
501 2001 553 2026 ne
575 2001 616 2026 se
639 1986 725 2043 ipse
751 1993 967 2026 auctorem
991 1999 1163 2025 suorum
1186 1991 1305 2041 putet
1320 1984 1551 2025 bonorum.
1577 1999 1590 2019 α
1617 1980 1679 2023 Ne
1736 2006 1742 2016 ·

315 2053 486 2104 ²»dicas,
516 2055 675 2111 inquit,
702 2055 743 2095 in
762 2055 977 2095 cordetuo
1005 2069 1013 2094 :
1044 2053 1186 2096 Virtus
1201 2069 1294 2095 mea
1320 2062 1362 2095 et
1377 2051 1565 2111 potentia
1587 2064 1679 2092 mea
1737 2084 1742 2110 ι

319 2125 446 2167 »fecit
481 2124 584 2166 mihi
613 2124 810 2166 virtutem
849 2124 957 2165 hanc
988 2138 1182 2180 magnam
1214 2138 1222 2164 :
1254 2123 1401 2164 sedin
1437 2128 1578 2163 mente
1610 2126 1681 2160 tua

318 2206 337 2235 J>
351 2195 529 2237 habebis
553 2195 784 2237 Dominum
806 2193 943 2236 Deum
966 2200 1107 2241 tuum3
1127 2192 1325 2250 quoniam
1347 2192 1432 2249 ipse
1455 2192 1525 2232 dat
1544 2188 1679 2236 vires,
1737 2217 1742 2246 2

316 2267 397 2306 '»ut
426 2264 551 2306 facias
580 2263 815 2306 virtutes2.»
865 2264 980 2306 Unde
1019 2263 1128 2304 bene
1161 2261 1384 2320 Apostolus
1420 2258 1537 2317 quasi
1577 2255 1683 2314 legis
1740 2287 1742 2326 ζ

326 2335 531 2392 interpres
569 2349 654 2376 non
687 2334 943 2392 gloriabatur
971 2333 1013 2374 in
1041 2333 1194 2375 virtute
1224 2348 1293 2373 sua
1322 2347 1330 2373 :
1355 2332 1428 2373 sed
1457 2328 1685 2373 minimum
1740 2329 1742 2339 '

327 2404 628 2463 Apostolorum
660 2420 703 2447 se
733 2420 822 2446 esse
847 2403 1056 2451 diccbat³‚
1087 2411 1127 2445 et
1160 2401 1363 2459 quidquid
1384 2408 1512 2448 esset,
1545 2396 1686 2461 gratiae

326 2475 473 2517 divina:
490 2491 579 2517 esse
606 2491 691 2517 non
712 2475 849 2517 meriti
868 2474 930 2516 sui
945 2508 954 2523 ‚
979 2473 1166 2530 nihilque
1190 2488 1264 2514 nos
1286 2473 1441 2514 habere
1461 2469 1574 2528 qnod
1594 2481 1680 2509 nou
1738 2481 1742 2527 j

372 2573 381 2589 ¹
403 2566 502 2599 Deut.
520 2577 596 2606 vm,
615 2566 723 2605 ιι-ι4.
744 2583 782 2591 -
799 2575 814 2593 a
828 2563 916 2598 ihm.
933 2574 986 2608 ιγ,
1002 2563 1057 2596 18.
1076 2565 1145 2588 —3
1167 2562 1275 2595 :Con
1289 2569 1395 2603 xmp.
