1742 3233
272 304 356 348 318
815 319 846 346 s.
885 318 1073 347 Annnosu

269 397 460 439 oriuntur
479 396 548 438 illa
568 402 762 454 peccata,
781 409 873 452 quae
891 397 1021 437 velex
1037 395 1313 439 delectatione
1329 430 1340 446 ,
1363 399 1430 442 vel
1450 413 1500 440 ex
1521 414 1601 456 qua

272 469 367 509 dam
389 467 539 509 m'entis
562 465 758 508 facilitate
779 474 1021 507 nascuntur.
1047 465 1154 507 Sunt
1174 466 1300 507 etiam
1324 468 1411 509 aliae
1434 476 1619 525 potesta-

273 545 332 578 tes
362 528 451 593 quse
485 535 612 578 veluti
648 537 930 577 colluctantur
957 534 1190 575 nobiscum.
1223 536 1341 591 [nde
1372 545 1413 578 et
1439 536 1620 595 Aposto-

272 608 336 648 lus
362 606 416 648 ait
435 621 443 648 :
462 624 476 644 «
504 606 613 657 Quia
636 620 719 646 non
742 613 804 646 est
825 604 945 646 nohis
968 604 1208 645 colluctatio
1233 606 1427 647 adversus
1450 621 1619 649 carnem

273 686 343 719 »et
372 676 613 733 sanguinem
632 708 642 723 ,
676 676 749 716 sed
772 676 966 715 adversus
995 674 1277 731 principatus,
1303 684 1345 717 et
1369 685 1617 733 potestates,

274 754 343 787 »et
379 753 562 786 rectores
594 743 720 799 hujus
748 743 927 790 mundi,
960 744 1230 785 tenebrarum
1258 744 1434 794 harum,
1475 747 1621 788 adver—

274 829 372 855 »sus
406 813 635 869 nequitiam
665 811 914 868 spiritalium
945 827 1036 867 quae
1066 821 1162 853 sunt
1194 813 1237 854 in
1268 815 1506 856 coelestibus
1526 815 1556 857 ¹.
1594 834 1609 855 »

271 885 427 927 Volunt
455 883 566 925 enim
593 883 673 924 hac
703 883 883 938 quadam
916 882 1184 923 contentione
1221 898 1296 924 nos
1328 883 1541 942 frangere,
1580 894 1622 927 et

272 953 399 995 veluti
429 953 641 1009 quoddam
669 951 815 992 anilnae
854 958 1004 991 uostroe
1041 965 1194 1008 corpus
1225 952 1393 995 elidere.
1433 955 1551 996 Unde
1580 963 1623 997 et

270 1024 421 1066 Paulus
444 1022 560 1078 quasi
582 1021 716 1062 bonus
744 1020 897 1061 athleta
919 1034 1003 1060 non
1028 1022 1163 1062 solum
1182 1021 1288 1063 ictus
1311 1024 1621 1065 adversantium

273 1100 527 1151 potestatum
564 1091 693 1132 vitare
733 1097 1012 1146 cognoverat,
1050 1092 1324 1133 verumetiam
1360 1095 1622 1136 adversantes

273 1162 406 1205 ferire.
436 1163 555 1204 Unde
585 1169 628 1202 et
658 1161 714 1202 ait
738 1169 780 1201 τι(
801 1159 998 1201 Psrcutio
1029 1161 1206 1217 pugnis,
1230 1176 1315 1202 non
1344 1171 1391 1204 ut
1421 1167 1514 1205 a‘era
1541 1179 1623 1205 cae—

273 1233 404 1273 »dens
421 1231 450 1272 ¹.
478 1231 558 1272 »Et
581 1231 672 1271 ideo
695 1230 812 1285 quasi
833 1229 968 1270 bonus
992 1230 1146 1272 athleta
1173 1233 1225 1272 ad
1248 1246 1447 1274 coronam
1469 1234 1623 1275 meruit

274 1300 503 1358 pervenire.
540 1299 649 1355 Ergo
683 1298 929 1354 multiplicia
958 1307 1213 1341 tentamenta
1248 1309 1343 1342 sunt
1375 1302 1540 1344 diaboli.
1571 1302 1623 1344 Et

277 1373 370 1412 ideo
388 1369 583 1426 bilinguis
605 1383 773 1425 serpens
794 1367 974 1408 hahetur
995 1376 1119 1424 atque
1146 1369 1304 1418 letalis,
1328 1385 1378 1412 eo
1403 1373 1515 1427 quod
1541 1372 1624 1413 dia-

275 1442 359 1484 boli
387 1441 576 1482 minister
599 1439 711 1480 aliud
734 1439 873 1495 lingua
901 1440 1120 1494 loquatur,
1152 1439 1263 1481 aliud
1290 1443 1418 1483 corde
1445 1443 1624 1484 medite—

276 1520 355 1553 tur.
379 1511 486 1552 Sunt
507 1518 549 1551 et
569 1510 636 1550 alii
657 1508 835 1550 ministri
854 1508 923 1563 qui
941 1516 982 1549 ct
999 1509 1136 1549 cordis
1158 1517 1198 1550 et
1216 1510 1327 1551 vocis
1351 1527 1433 1552 suae
1452 1512 1624 1555 infectas

275 1596 435 1623 veneno
456 1579 584 1621 veluti
612 1579 838 1620 verborum
873 1592 1043 1618 suorum
1069 1578 1228 1634 jactant
1260 1581 1449 1637 sagittas,
1468 1569 1623 1637 ¹quibus

274 1651 480 1694 Dominus
508 1649 562 1690 ait
587 1664 629 1689 :«
655 1647 878 1689 Generatio
909 1647 1173 1704 viperarum,
1210 1651 1421 1705 quomodo
1452 1651 1624 1708 potestis

278 1722 419 1762 »bona
441 1719 574 1775 loqui,
599 1733 696 1759 cum
718 1717 802 1759 sitis
827 1718 925 1758 mali
945 1716 960 1755 .³
985 1717 1003 1758 9
1025 1736 1040 1756 »

282 1837 286 1840 ,
329 1791 434 1834 LYI.
453 1808 468 1827 «
486 1790 537 1830 Et
554 1788 655 1830 dixit
678 1803 846 1844 serpens
863 1787 1026 1827 mulieri
1049 1802 1057 1827 :
1078 1787 1193 1838 Quid
1212 1788 1356 1844 utique
1373 1789 1475 1830 dixit
1490 1790 1620 1839 Deus,

275 1881 291 1903 »
304 1878 356 1904 ne
389 1861 519 1902 edatis
545 1875 595 1901 ex
626 1859 740 1900 omni
766 1858 877 1915 ligno
901 1858 1016 1913 quod
1041 1865 1102 1898 est
1127 1858 1167 1898 in
1200 1858 1423 1914 paradiso?
1447 1860 1499 1901 Et
1521 1861 1621 1903 dixit

273 1933 290 1972 >'›
302 1931 453 1973 mulier
468 1929 648 1987 serpenti
673 1944 681 1969 :
708 1929 768 1969 Ex
785 1927 898 1968 omni
915 1927 1025 1983 ligno
1043 1927 1223 1984 paradisi
1238 1930 1586 1973 manducabimus
1607 1946 1616 1973 :

273 2004 355 2043 »de
372 2002 512 2043 fructu
540 2007 679 2041 autem
706 1998 805 2055 ligni
828 1998 940 2053 quod
967 1989 1097 2039 estin
1122 1998 1261 2040 medio
1284 1999 1485 2055 paradisi,
1519 2001 1622 2042 dixit

273 2090 290 2111 »·
301 2072 414 2114 Deus
438 2086 446 2112 :
474 2070 565 2112 Non
586 2068 894 2110 manducabitis
915 2064 976 2108 >ex
999 2083 1071 2115 eo,
1102 2083 1240 2124 neque
1271 2069 1446 2126 tangetis
1470 2085 1520 2112 ex
1546 2085 1617 2119 eo,

272 2162 287 2184 >2
301 2158 353 2184 ne
369 2140 605 2183 moriamini
629 2138 659 2180 4.
683 2157 698 2177 »
714 2138 821 2179 Cum
840 2137 1020 2178 audieris
1042 2137 1336 2194 sapientiorem
1366 2139 1506 2181 bestiis
1528 2155 1621 2181 om-

270 2213 394 2255 nibus
416 2225 504 2252 esse
529 2216 788 2266 serpentem,
812 2207 879 2249 hic
902 2206 992 2263 ejus
1017 2207 1101 2262 jam
1124 2222 1262 2263 quaere
1287 2209 1620 2252 versutiam..Si—

270 2282 403 2323 mulat
423 2296 465 2321 se
480 2280 606 2321 verba
632 2278 708 2320 Dei
726 2278 864 2319 dicere
878 2309 888 2324 ‚
912 2284 954 2318 et
974 2277 1164 2334 proprios
1182 2278 1329 2319 intexit
1352 2279 1482 2321 dolos.
1511 2279 1619 2322 Cum

271 2351 383 2393 enim
407 2350 574 2392 dixisset
589 2349 701 2390 Deus
729 2363 770 2389 :«
797 2347 857 2388 Ex
879 2346 997 2387 omni
1016 2347 1125 2403 liguo
1148 2349 1260 2403 quod
1280 2356 1342 2389 est
1364 2348 1405 2389 in
1428 2350 1618 2405 paradiso

271 2420 430 2463 »edetis
449 2421 499 2461 ad
516 2434 653 2460 escam
680 2433 688 2459 :
715 2420 765 2459 dc
786 2418 897 2474 ligno
931 2425 1069 2458 autem
1093 2419 1205 2473 quod
1227 2426 1289 2459 est
1311 2418 1492 2460 scientiae
1518 2419 1618 2461 boni
1665 2434 1673 2440 ·

271 2499 341 2532 »et
362 2490 459 2532 mali
480 2505 564 2531 non
591 2488 722 2530 edetis
749 2503 757 2528 :
783 2502 863 2544 qua
886 2487 952 2528 die
975 2495 1114 2529 autem
1139 2487 1446 2530 manducabitis
1469 2503 1519 2529 ex
1540 2503 1614 2537 eo,

318 2607 326 2622 ¹
344 2598 463 2641 EpheS.
493 2609 546 2637 vi,
573 2608 625 2631 12.
642 2615 694 2642 '2
708 2602 721 2618 ²
751 2608 763 2629 1
783 2597 858 2631 Cor.
886 2607 938 2638 ix,
959 2596 1010 2630 26.
1036 2614 1076 2622 ·—
1095 2597 1109 2620 ³
1134 2597 1259 2630 Matth.
1283 2607 1356 2641 ιη’,
1378 2597 1430 2635 54.
1445 2614 1485 2622 -
1504 2599 1517 2624 ⁴
1531 2597 1616 2631 Gen.

271 2662 332 2693 ιιι,
358 2662 374 2685 a
392 2673 402 2692 ,
429 2650 459 2682 ὅ.
