1742 3233
398 276 450 305 DE
483 275 562 305 Non
595 275 648 304 m·
682 274 802 304 ΑΒΕΔ.
839 276 958 304 Lmen
992 277 1105 305 uuus.
1350 263 1433 320 427

86 359 202 401 tum,
225 351 338 407 quod
367 353 536 394 oculum
558 352 688 409 possit
717 353 879 394 laedere.
916 350 958 393 Si
990 351 1240 409 lippitudine
1264 352 1435 393 interci-

86 422 208 469 dant,
245 435 371 477 quam
408 423 610 470 dedecet3
646 422 679 463 si
701 421 900 480 palpebra
934 422 1192 464 contractior
1225 421 1376 470 fuerit3
1403 423 1435 463 si

83 492 282 532 radantur
310 491 556 547 supercilia,
588 507 679 548 qnae
714 489 1009 549 pretiosiorum
1045 491 1266 534 monilium
1298 490 1436 549 specie

82 562 194 602 velut
217 561 372 602 intexta
397 561 572 618 gemmis
593 562 823 619 refulgent!

138 629 257 672 XIX.
296 631 474 679 Aurium
501 648 667 689 quoque
691 640 738 674 ut
767 633 1028 675 necessarius
1059 648 1157 674 usus
1174 665 1184 681 ‚
1204 633 1260 675 ita
1284 634 1435 675 decora

82 699 239 758 species
260 716 269 742 z
291 716 392 757 quas
425 700 457 742 si
480 701 571 758 quis
593 703 873 752 truncaverit,
896 703 972 744 toti
996 702 1127 744 vultui
1150 701 1275 744 infert
1297 701 1438 743 desor-

80 770 281 812 mitatem.
310 760 360 812 In'
384 771 535 828 quibus
557 772 611 813 ita
635 773 865 814 elaboravit
892 787 997 829 opus
1030 787 1151 813 suum
1184 780 1355 819 natura;
1389 779 1436 812 ut

81 839 157 897 ipsi
175 840 383 882 anfractus
401 855 674 883 cavernarum
699 842 803 884 mira
826 841 1084 899 providentia
1107 842 1285 890 sinuati,
1310 840 1438 897 pluri-

80 924 197 951 mum
224 911 413 952 utilitatis
443 911 640 960 asserant,
671 926 723 953 ne
750 919 921 968 repente
955 911 1076 952 feriat
1106 918 1266 952 secreta
1291 909 1437 966 capitis

34 999 38 1003 ’
81 994 218 1022 sonus.
244 981 433 1037 Denique
456 997 562 1040 saepe
587 983 739 1024 multos
773 982 996 1039 improviso
1020 983 1216 1038 clangore
1244 988 1435 1022 conster-

80 1049 170 1090 nari
195 1049 382 1092 videmus
398 1083 408 1099 ,
429 1051 687 1096 etattonitas
713 1051 917 1092 aut-vocis
939 1051 1117 1106 alicujus
1141 1058 1211 1091 aut
1234 1050 1437 1090 tumultus

80 1134 181 1161 sono
197 1134 480 1176 expavescere.
511 1120 663 1162 Sordes
685 1121 782 1178 ipsae
797 1153 808 1170 ,
829 1136 920 1177 quae
939 1121 1047 1161 inter
1068 1119 1239 1160 eosdem
1261 1118 1436 1175 gignun-

79 1197 148 1230 tur
167 1189 400 1238 anfractus,
421 1191 535 1232 velut
552 1190 732 1246 quodam
751 1190 912 1247 glutino
932 1188 1121 1231 auditum
1137 1188 1279 1245 ligant.
1303 1187 1438 1228 Simul

80 1258 111 1299 si
128 1258 414 1300 vehementior
430 1261 573 1316 pulsus
594 1259 719 1301 fuerit
748 1259 923 1315 alicujus
941 1274 1066 1300 sonus
1081 1291 1092 1307 ,
1117 1256 1358 1314 infringitur
1386 1270 1434 1297 ac

79 1330 332 1376 retardatur,
351 1337 398 1370 ut
415 1329 716 1385 praenuntiatus
732 1329 869 1385 potius
890 1331 1097 1377 mulceat,
1123 1343 1250 1384 quam
1273 1327 1431 1383 impro-

78 1397 190 1439 visus
211 1397 371 1439 interna
396 1398 622 1440 concutiat.
650 1397 884 1441 Vermiculi
908 1414 1076 1455 quoque
1099 1398 1132 1439 si
1155 1411 1299 1439 aurem
1312 1410 1440 1453 pene-

79 1475 190 1508 trare
214 1468 489 1516 tentaverint,
515 1468 698 1524 quodam
720 1468 907 1510 sordium
930 1468 1041 1509 visco
1066 1473 1280 1508 tenentur.

137 1536 234 1579 XX.
262 1536 391 1579 Nares
409 1538 521 1579 simae
538 1545 683 1579 contra
700 1545 893 1579 naturam
911 1538 1106 1579 videntur
1122 1551 1131 1575 ,ε
1146 1535 1233 1593 jam
1245 1536 1277 1577 si
1295 1535 1437 1576 incisae

77 1604 259 1655 fuerint,
287 1608 498 1662 quomodo
522 1607 659 1663 potest
681 1607 763 1648 vita
786 1606 1036 1655 subsistere,
1064 1606 1227 1648 sublato
1250 1604 1433 1662 spirandi

77 1684 219 1717 meatu
227 1692 240 1725 ,-
264 1677 622 1731 quemadmodum
646 1676 817 1733 pecudis
839 1676 969 1733 magis
986 1675 1134 1724 facies,
1153 1689 1279 1731 quam
1296 1675 1435 1715 vultus

77 1744 258 1786 hominis
280 1745 544 1786 aestimatur?

135 1815 257 1858 XXI.
295 1815 442 1873 Capilli
465 1816 611 1873 capitis
629 1832 754 1873 quam
771 1825 887 1874 grato
907 1815 1064 1858 amictu
1081 1808 1208 1871 caput
1226 1813 1433 1860 vestiunt,

76 1886 191 1926 velut
220 1884 392 1941 quidam
425 1887 531 1927 aulae
562 1886 685 1942 regiae
722 1886 965 1943 stipatore53
1000 1900 1052 1926 ne
1084 1884 1305 1926 cerebrum
1335 1898 1435 1923 aura

76 1954 223 2002 laedat,
250 1962 321 1996 aut
358 1955 491 1996 imber
520 1955 662 2004 feriat,
689 1964 760 1997 aut
786 1958 847 1998 sol
877 1957 1037 1997 adurat.
1074 1955 1190 2006 Quos
1217 1954 1272 1994 ita
1294 1961 1434 1995 tamen

77 2024 192 2066 dedit
212 2032 381 2074 natura,
405 2033 453 2067 ut
469 2041 544 2083 pro
567 2040 667 2067 sexu
691 2034 762 2067 aut
784 2026 1028 2083 prolixiores
1044 2026 1260 2082 placeant,
1286 2031 1356 2064 aut
1373 2038 1435 2064 re-

77 2093 176 2142 cisi3
209 2101 251 2135 et
280 2108 358 2151 pro
390 2103 534 2144 aetate,
571 2104 643 2138 aut
668 2097 916 2153 plerumque
942 2110 1018 2151 pro
1043 2094 1240 2151 temporis
1268 2102 1310 2134 et
1337 2093 1434 2134 anni

76 2164 285 2220 qualitate.
307 2165 355 2206 In
376 2165 544 2214 senibus
574 2174 688 2223 grata
711 2166 884 2207 canities
901 2198 911 2214 ,
937 2166 978 2206 in
998 2164 1136 2221 pueris
1160 2162 1396 2221 prodigiosa
1420 2177 1428 2202 :

77 2233 259 2276 delectat
292 2235 456 2276 tonderi
502 2243 644 2278 aestate
677 2236 884 2294 pressius,
929 2235 1084 2291 hyeme
1120 2232 1430 2290 indulgentius:

76 2303 321 2345 mulieribus
343 2313 589 2346 ornamento
607 2313 669 2353 est
694 2320 813 2346 coma
830 2338 840 2353 ,
866 2304 1063 2353 dedecori
1085 2311 1148 2344 est
1165 2302 1274 2343 viris.
1300 2300 1433 2342 Deni-

57 2388 158 2429 que
183 2373 408 2433 Apostolus
431 2375 662 2416 evidentius
685 2369 884 2431 expressit
905 2374 986 2415 hoc
1005 2373 1148 2416 dicens
1169 2388 1177 2413 :
1196 2371 1326 2413 «Nam
1344 2369 1432 2426 ipsa

75 2447 255 2484 »natura
291 2445 415 2485 docet
452 2432 524 2486 ros
562 2446 677 2501 quod
714 2431 777 2487 'vir
798 2445 968 2502 quidem
997 2444 1027 2485 si
1059 2457 1223 2486 comam
1257 2439 1436 2487 nutriat,

74 2530 89 2551 »
103 2512 331 2570 ignominia
357 2521 420 2556 est
446 2514 504 2557 illi
525 2530 534 2556 ε
555 2515 707 2557 mulier
728 2523 827 2558 vero
853 2515 884 2557 si
907 2514 1080 2571 capillos
1101 2512 1255 2556 habeat
1268 2543 1279 2560 ,
1300 2508 1430 2569 gloria

76 2591 167 2625 »est
186 2582 283 2626 11111.
316 2602 330 2622 ))

123 2682 131 2697 ¹
151 2673 229 2711 Cor.
247 2685 293 2713 ιι,
311 2674 360 2713 14,
381 2676 428 2707 15.
