1742 3233
327 362 410 405 290
870 363 899 391 S.
940 359 1128 392 ammosa

326 442 418 483 ideo
439 439 611 499 legitimi
639 440 765 483 ctiam
792 441 835 483 in
863 442 1054 499 paradiso
1087 441 1269 498 speciem
1296 442 1478 499 suscepit
1498 441 1673 493 laboris;

322 521 370 554 ut
393 527 468 554 nos
492 513 543 553 ad
564 512 851 569 operationem
873 520 914 554 et
936 512 1169 554 custodiam
1193 512 1322 554 debiti
1345 511 1470 554 officii
1487 546 1498 562 ,
1524 522 1567 555 et
1587 513 1677 555 hae-

323 582 528 624 reditariae
557 582 831 624 successionis
862 598 1014 624 munus
1046 582 1303 639 astringeret.
1332 582 1435 624 -Haec
1464 584 1547 625 duo
1577 599 1676 640 ergo

325 667 346 693 a
370 659 410 693 te
423 651 647 709 exiguntur
664 652 747 693 sive
764 653 994 701 moraliter,
1020 652 1103 693 sive
1125 651 1376 709 spiritaliter.
1409 653 1535 704 Quod
1550 654 1678 696 ctiam

323 722 512 764 Psalmus
542 731 584 763 te
615 721 885 778 propheticus
917 723 1064 770 docet,
1101 722 1196 778 quia
1217 722 1421 779 scriptum
1449 731 1512 765 est
1536 723 1679 766 :«Nisi
1702 774 1709 779 ,

326 790 561 831 »Dominus
592 789 863 849 aedificaverit
897 791 1095 838 domum,
1128 791 1168 831 in
1199 806 1353 832 vanum
1385 792 1682 834 laboraverunt

326 878 341 898 »
356 860 427 917 qui
444 859 656 902 aedificant
672 874 777 901 eam.
805 859 890 902 Nisi
906 859 1112 901 Dominus
1131 861 1375 902 custodierit
1393 861 1619 910 civitatem,
1638 862 1681 903 in

325 946 509 972 »vanum
538 930 710 987 vigilant
737 929 808 986 qui
841 930 1084 971 custodiunt
1110 945 1201 971 canl
1226 930 1255 974 ¹.
1281 930 1434 973 »Vides
1456 932 1548 974 illos
1570 932 1682 975 labo-

324 1016 417 1042 rare
447 1000 517 1058 qui
550 1001 591 1043 in
619 1001 756 1059 operis
788 1008 884 1042 sunt
921 999 1293 1057 aedificationisque
1329 1017 1555 1059 processu3
1583 1003 1682 1044 istos

325 1087 422 1114 vero
451 1073 620 1130 vigilare
650 1073 721 1129 qui
755 1071 841 1129 jam
873 1071 1106 1113 custodiam
1139 1071 1311 1128 perfecti
1344 1073 1479 1130 operis
1516 1088 1683 1131 recepe-

324 1150 434 1184 runt.
459 1144 577 1184 [nde
594 1151 635 1184 et
651 1141 856 1184 Dominus
866 1141 1075 1199 Apostolis
1093 1142 1209 1197 quasi
1225 1142 1310 1197 jam
1328 1143 1651 1199 perfectioribus
1670 1159 1679 1185 :

337 1212 548 1269 «Vigilate,
573 1212 723 1268 inquit,
747 1220 788 1253 et
815 1220 948 1261 orate,
973 1227 1026 1252 ne
1050 1211 1209 1252 intretis
1233 1212 1274 1253 in
1296 1212 1572 1254 tentationem
1593 1211 1608 1233 ²
1625 1230 1636 1261 ;
1656 1231 1671 1252 »

328 1283 482 1324 docens
502 1281 699 1339 persectae
721 1289 880 1323 naturae
902 1297 1055 1322 munus
1069 1313 1080 1330 ,
1104 1289 1146 1322 et
1165 1283 1300 1339 plcnae
1325 1282 1486 1324 virtutis
1508 1282 1684 1339 gratiam

327 1366 416 1392 esse
444 1353 711 1400 servandam,
741 1366 819 1393 nec
844 1365 1101 1408 quemquam
1128 1351 1255 1392 etiam
1284 1350 1579 1408 perfectiorem
1607 1351 1685 1392 nisi

328 1420 572 1478 vigilaverit,
591 1421 654 1463 sui
679 1421 833 1463 debere
849 1436 939 1464 esse
961 1435 1172 1463 securum.

329 1579 460 1595 ΜνὶὌνἉ
464 1580 506 1595 ΚΑΛ
510 1580 643 1596 mvm‘v
647 1581 734 1597 MWW
739 1580 781 1595 ww
785 1581 821 1596 &M
829 1581 874 1597 Μ
878 1581 919 1596 &W
923 1580 1065 1596 «vuvwwi
1071 1579 1144 1595 ἏΧΥΧ
1152 1580 1190 1594 §M
1194 1580 1283 1595 NWVW
1287 1580 1329 1595 NV!
1333 1580 1377 1595 Μ
1381 1579 1558 1596 “ΜᾺΑΜΜ
1566 1581 1593 1595 W
1598 1580 1685 1595 {WNM

879 1718 1056 1763 CAPUT
1086 1719 1136 1762 V.

335 1878 646 1922 Examinatur
664 1888 932 1937 praeceptum
955 1877 1007 1921 de
1029 1893 1120 1920 non
1145 1878 1313 1920 edendo
1334 1878 1385 1920 de
1409 1878 1529 1936 ligno
1549 1879 1689 1921 scien-

396 1950 468 1992 tiae
492 1948 595 1992 boni
616 1960 655 1992 et
681 1950 820 1998 mali,
846 1959 885 1992 et
905 1950 1026 1992 circa
1052 1950 1102 1991 id
1122 1959 1386 2008 emergentes
1410 1949 1688 2008 difficultates

402 2023 716 2065 dissolvamur.

400 2167 558 2213 XXVI.
577 2185 593 2207 «
623 2168 685 2210 ΕΤ
716 2159 917 2225 praecepit
941 2164 1146 2212 Dominus
1167 2165 1279 2208 Deus
1305 2165 1407 2209 Adae
1430 2165 1572 2210 dicens
1597 2182 1607 2207 ι
1632 2167 1694 2208 Ex

342 2258 360 2280 n
374 2239 490 2283 omni
507 2239 638 2296 ligno,
655 2238 770 2295 quod
784 2244 847 2280 est
862 2237 904 2278 in
920 2236 1112 2294 paradiso
1127 2238 1350 2294 adtescam,
1369 2239 1466 2278 edes
1485 2251 1495 2278 τ
1516 2237 1567 2278 de
1581 2236 1694 2294 ligno
1716 2293 1718 2297 ι

343 2318 515 2357 »autem
543 2311 658 2366 quod
678 2316 740 2351 est
777 2307 958 2350 scientiae
985 2307 1086 2350 boni
1113 2316 1155 2348 et
1185 2306 1285 2349 mali
1317 2321 1403 2348 non
1432 2307 1574 2349 edetis.
1602 2307 1696 2360 Qua
1713 2303 1720 2368 i

347 2381 446 2422 »die
468 2387 609 2422 autem
638 2377 988 2422 manducaveritis
1024 2392 1075 2419 ex
1107 2392 1157 2418 eo
1187 2385 1323 2419 morte
1351 2377 1590 2420 moriemini
1613 2376 1642 2420 ³.
1670 2395 1686 2418 n
1711 2379 1716 2414 ί

351 2451 445 2502 Qua
467 2451 651 2499 ratione,
676 2449 749 2491 ubi
774 2448 972 2507 praecepit
999 2463 1050 2489 ex
1073 2447 1186 2490 omni
1208 2448 1321 2506 ligno
1347 2449 1560 2491 edendum
1577 2481 1587 2497 ‚
1614 2447 1699 2490 sin-

352 2521 552 2579 gulariter
589 2520 801 2568 dixerit;«
832 2518 940 2560 Edes
960 2532 969 2560 :
989 2517 1092 2559 »ubi
1120 2525 1259 2560 autem
1290 2520 1341 2561 de
1371 2519 1483 2576 ligno
1517 2512 1713 2561 scientiae¹

349 2592 452 2635 boni
476 2599 519 2634 et
540 2590 640 2634 mali
666 2590 911 2650 pluraliter)
929 2607 945 2628 «
966 2588 1059 2633 Non
1075 2588 1220 2639 edetis,
1245 2608 1260 2630 ³>
1276 2589 1440 2641 dixerit,
1465 2604 1550 2634 non
1571 2587 1701 2640 otiosa
1739 2615 1742 2655 3

398 2710 410 2728 ²
427 2702 512 2738 Psal.
529 2712 642 2742 cxxw,
657 2711 735 2751 13-7
747 2710 764 2744 ᾖ
778 2699 896 2736 Matth.
909 2709 999 2742 xxvx,
1014 2698 1068 2739 41.
1086 2716 1127 2748 -ξ
1142 2700 1156 2726 3
1175 2698 1259 2735 Gen.
1275 2710 1313 2740 n,
1329 2699 1381 2740 16,
1395 2709 1441 2742 ¹7·

1702 2742 1705 2782 ἑ

1700 2790 1704 2831 ἐ

1699 2873 1702 2889 Ι
