1742 3233
413 279 466 305 m:
500 277 596 306 cam
629 278 681 305 ET
716 277 834 305 ΑΒΜ.
872 276 953 303 Lm.
992 277 1034 303 11.
1325 261 1407 304 381

107 357 157 401 V.
193 358 265 399 Illa
290 356 414 413 igitur
430 387 441 403 ‚
466 370 557 411 quae
575 364 715 396 sanc?—
739 362 836 407 sunt
852 387 862 402 ‚
891 353 1100 410 primitiva
1125 361 1222 394 sunt
1243 351 1412 409 nostre-J

0 469 1 484 ἶ
50 443 146 470 rum
164 441 360 469 sensuum
381 440 389 466 :
416 425 489 466 ista
510 426 622 466 velut
640 426 691 466 (le
709 425 890 480 quodam
908 438 1032 479 grege
1047 430 1145 463 sunt
1160 454 1171 470 ,
1192 429 1233 462 et
1255 421 1417 462 xilitato

0 485 1 542 J
51 495 214 553 plebeia
235 510 244 536 ε
271 510 362 551 quae
386 493 494 535 varia
517 494 682 535 videtur
703 493 866 549 Moyses
893 491 1134 533 nominibus
1157 489 1418 548 significasse

55 564 240 607 diversis.
268 564 359 606 Hoc
380 563 492 604 enim
527 563 711 603 declarat
734 561 860 603 ctiam
886 560 952 602 illa
977 576 1070 602 area
1092 561 1193 617 legis
1215 560 1417 617 mystica,

53 636 107 678 de
130 649 212 691 qua
241 634 296 675 ait
326 648 334 675 :
362 632 513 674 «Initia
538 647 642 673 areae
665 640 744 673 tuae
771 639 813 672 et
843 632 959 672 lacus
992 631 1052 672 tui
1084 646 1169 671 non
1192 630 1417 672 novissima

54 705 222 747 »facies
252 704 465 747 Primitiva
501 701 686 744 filiorum
709 711 880 743 tuorum
914 702 1031 743 dabis
1055 701 1200 743 mihi¹.
1223 701 1420 743 »Sanctae

54 775 362 817 commotiones
381 787 579 815 sensuum
596 781 835 814 nostrorum
850 803 861 820 ‚
883 787 974 828 quse
993 773 1228 813 secundum
1246 771 1422 814 virtutes

57 852 180 893 sunt,
203 844 299 900 ipsae
331 851 427 884 sunt
456 841 648 899 primitiae
677 856 780 883 area:
803 840 997 898 spiritalis
1019 856 1027 881 :
1049 849 1267 898 propterea
1294 841 1424 882 etiam

57 913 186 955 rurali
206 928 310 954 areae
333 920 647 969 comparantur,
672 912 713 953 in
737 927 816 968 qua
839 911 1094 953 ventilantur
1115 911 1335 952 frumenta.
1361 910 1424 952 Si-

60 991 132 1024 cut
157 983 270 1024 enim
292 982 334 1023 in
356 982 435 1023 hac
463 981 590 1022 rurali
613 996 708 1022 area
731 981 940 1021 excutitur
963 979 1150 1021 trilicum
1174 988 1296 1035 atque
1318 980 1422 1021 hor-

61 1054 211 1101 doum,
235 1060 277 1094 et
299 1053 398 1093 dum
421 1051 569 1108 saepius
597 1050 836 1098 ventilatur,
863 1057 1078 1106 separatur
1101 1065 1122 1090 a
1143 1049 1294 1106 paleis;
1325 1049 1422 1105 quia

60 1123 188 1179 paleae
207 1128 439 1176 caeteraque
459 1127 734 1177 purgamenta
750 1119 895 1160 messis
909 1118 950 1159 in
966 1118 1175 1159 diversum
1190 1119 1290 1160 levis
1309 1134 1423 1162 aurae.

62 1190 287 1249 spiramine
310 1190 590 1247 dissipantur3
622 1189 688 1230 illa
722 1204 844 1236 vero,
881 1203 972 1244 quse
1004 1189 1197 1230 solidiora
1235 1197 1354 1238 sunt,
1379 1189 1425 1231 in

61 1261 204 1302 locum
231 1260 449 1308 eumdem,
475 1274 648 1301 excusso
685 1260 881 1316 pulvere,
916 1257 1163 1299 relabuntur
1188 1274 1197 1300 :
1225 1259 1280 1300 ita
1305 1259 1426 1317 cogi-

65 1330 273 1372 tationum
293 1337 532 1371 nostrarum
551 1329 705 1386 fruges,
724 1343 815 1385 quoe
833 1337 928 1370 sunt
945 1328 1085 1371 solidae
1094 1337 1217 1386 atque
1235 1330 1424 1387 optimae,

64 1415 214 1458 puram
241 1407 364 1456 atque
388 1399 592 1441 sinceram
615 1399 814 1441 exhibent
834 1398 1000 1441 virtutis
1029 1400 1290 1448 alimoniam,
1315 1401 1426 1444 sicut

67 1470 272 1527 scriptum
305 1477 366 1511 est
387 1484 396 1510 ε
414 1487 429 1506 «
448 1469 559 1520 Quia
582 1483 668 1510 non
690 1468 731 1510 in
758 1469 845 1510 solo
866 1484 975 1526 pane
998 1469 1095 1510 vivit
1119 1469 1266 1518 homo,
1289 1472 1362 1512 sed
1386 1471 1432 1513 in

67 1540 213 1582 »omni
243 1539 372 1581 verbo
407 1538 507 1580 Dei²
532 1553 572 1579 z»
595 1553 686 1594 quae
717 1546 857 1579 autem
889 1538 1056 1580 inutiles
1081 1547 1175 1580 sunt
1197 1548 1239 1582 et
1261 1554 1431 1591 vacuae,

71 1609 367 1667 disperguntur
384 1615 429 1648 ul
446 1607 584 1649 snmus
603 1623 650 1649 ac
674 1607 861 1655 nebulae3
882 1608 977 1664 quia
997 1608 1104 1650 sicut
1122 1608 1261 1650 sumus
1275 1610 1432 1658 oculis,

70 1679 128 1721 sie
147 1677 342 1735 iniquitas
365 1677 579 1719 utentibus
603 1692 664 1718 ea.
693 1678 743 1718 Et
766 1685 880 1719 recte
903 1678 1017 1719 sumo
1042 1678 1236 1735 iniquitas
1258 1695 1436 1737 compa·

70 1756 204 1797 ratur,
235 1763 327 1804 quae
354 1749 469 1789 velut
500 1748 680 1804 quadam
708 1747 894 1788 saeculari
929 1747 1103 1805 caligine
1126 1749 1259 1790 aciem
1281 1749 1438 1792 mentis

73 1817 260 1860 obducit.

133 1887 202 1929 Vl.
238 1887 289 1928 Et
322 1887 415 1928 ideo
441 1886 648 1928 Dominus
683 1886 784 1929 dicit
810 1902 821 1928 τ
848 1904 862 1924 «
882 1885 1000 1928 Cum.
1017 1886 1266 1930 intraveritis
1288 1888 1329 1930 in
1355 1897 1439 1931 ter·

76 1974 91 1995 »
106 1969 218 2003 ram,
247 1955 288 1997 in
310 1955 612 2012 quam·i11duco
635 1971 707 1998 vos
724 1989 734 2005 ‚
764 1964 806 1997 et
830 1971 927 1997 cum
948 1958 1204 1999 manducare
1225 1958 1441 2015 coeperitis

76 2026 159 2067 »de
186 2025 364 2083 panibus
393 2033 511 2068 terra}
539 2026 669 2075 illius,
696 2025 880 2068 offeretis
912 2027 1169 2069 oblationem
1201 2036 1437 2085 separatam

79 2095 310 2143 »Domino,
349 2094 550 2152 primi!ias
589 2095 896 2153 conspersionis
935 2104 1105 2146 vestrae,
1143 2113 1295 2154 panem
1331 2098 1443 2142 sicut

79 2164 362 2206 »oblationem
383 2166 433 2207 de
457 2180 551 2207 area
576 2180 584 2206 :
612 2165 671 2207 sic
699 2165 882 2208 offeretis
905 2167 1109 2224 primitias
1141 2168 1441 2214 confusionum

79 2242 365 2283 »vestrarun1,
398 2242 440 2276 et
471 2235 622 2276 dabitis
644 2235 867 2278 Domino³.
886 2254 901 2275 n
925 2235 1124 2278 Confusio
1158 2253 1231 2279 nos
1268 2253 1442 2288 sumus,

83 2302 341 2344 diversorum
359 2304 665 2345 elementorum
684 2307 864 2361 quadam
884 2306 1180 2348 commixtione
1198 2306 1436 2365 compositi.

83 2372 299 2430 Siquidem
320 2374 518 2432 frigidum
544 2376 705 2424 calido,
729 2384 770 2418 et
790 2376 1013 2418 humidum
1037 2376 1148 2418 sicco
1176 2378 1376 2419 miscetur
1398 2377 1442 2420 in

84 2443 219 2485 nobis.
245 2444 344 2486 Haec
369 2446 607 2502 conspersio
631 2447 784 2489 multas
814 2446 943 2489 habet
971 2448 1107 2490 carnis
1135 2447 1377 2498 illecebras,
1401 2456 1450 2492 et

133 2559 142 2574 ¹
164 2549 269 2582 Exod·
294 2561 378 2591 λιιι,
404 2563 454 2595 ²9.
482 2571 523 2577 -
540 2563 552 2578 ²
580 2553 800 2593 Maah.1v,4,
818 2559 849 2588 et
867 2554 944 2588 Luc.
965 2566 1009 2598 nv,
1027 2556 1056 2595 4.
1072 2567 1110 2589 ex
1133 2556 1230 2591 Dent.
1247 2567 1306 2589 vm
1323 2581 1333 2598 ,
1356 2558 1387 2591 3.
1404 2575 1450 2584 -

87 2603 103 2628 θ
119 2602 214 2637 Num.
234 2615 286 2644 xv,
307 2615 337 2644 ο,
358 2613 389 2637 et
403 2616 498 2650 seqq.
