1742 3233
286 247 374 298 456
834 267 866 293 S·
907 266 1095 294 AMnnosu

286 339 442 380 malitia
473 341 668 396 passioni,
703 342 836 398 passio
866 343 1032 384 malitiae
1062 343 1337 385 misceretur:
1373 342 1634 400 ingrediente

286 409 452 450 medico
488 411 563 451 Dei
603 412 738 453 &erbo
777 414 827 454 ad
863 413 1138 454 visitationem
1173 413 1320 454 animae
1350 429 1440 470 quae
1473 412 1636 454 diutina

289 479 532 535 zegritudine
556 481 772 523 laborabat
795 482 1143 540 disceptationum
1170 483 1451 540 improbitate,
1479 491 1521 525 et
1542 497 1638 541 pas-

290 549 454 590 sionum
496 550 736 599 acerbitate,
779 552 892 608 prius
930 553 1165 593 debuerunt
1207 567 1340 594 causae
1381 551 1638 609 aegritudinis

291 619 508 676 amputari.
534 620 790 677 Principium
812 622 923 662 enim
945 622 1162 663 medicinae
1185 631 1246 664 est
1265 637 1408 664 causas
1428 621 1640 678 languoris

291 688 500 736 incidere3
520 705 570 729 ne
590 690 744 730 diutius
762 705 825 738 ea,
844 699 1114 746 quaenocent,
1136 693 1187 733 ad
1205 692 1511 733 incrementum
1526 690 1642 747 aegri-

292 759 447 799 tudinis
465 759 766 800 ministrentur.
785 760 910 810 Quod
927 776 1000 802 nos
1017 762 1143 802 etiam
1160 763 1226 803 lex
1246 763 1392 809 docet3
1414 775 1512 802 cum
1530 759 1642 801 enim

292 828 453 868 steterit
487 829 617 883 lepra,
651 837 696 869 nt
717 829 803 885 jam
827 845 909 870 non
940 830 1212 879 diffundatur,
1238 839 1337 872 tunc
1362 830 1418 872 ait
1439 830 1644 871 mundam

292 913 380 939 esse
393 900 517 954 ieprae
537 899 755 940 stationem
778 902 1002 956 qnamdam
1020 909 1061 942 et
1076 900 1337 941 mansionem
1350 899 1379 942 1.
1398 918 1414 939 »
1428 898 1645 956 Quidquid

292 968 404 1008 enim
429 976 578 1024 praeter
600 977 791 1010 naturam
816 979 1007 1011 movetur
1030 971 1296 1012 immundum
1311 978 1384 1012 est.
1408 971 1505 1012 Haec
1521 969 1647 1027 igitur

295 1047 356 1079 cst
392 1038 536 1078 animm
569 1039 735 1087 sanitas,
775 1040 863 1081 haec
901 1041 1120 1082 salubritas
1157 1041 1323 1089 mentis,
1356 1049 1403 1082 ut
1436 1040 1647 1082 affluentia

295 1117 427 1149 cesset
444 1109 611 1157 erroris,
633 1110 799 1162 sistatur
816 1112 953 1168 culpa,
973 1126 1025 1152 ne
1042 1119 1192 1168 serpat.
1218 1111 1418 1152 Cessante
1434 1109 1648 1151 incentivo

299 1181 432 1236 culpae
461 1188 584 1235 atque
607 1179 748 1221 delicti
772 1183 879 1222 salus
902 1189 989 1222 tuta
1011 1189 1088 1228 est,
1124 1189 1246 1237 atque
1277 1179 1502 1222 inoffensus
1532 1179 1650 1236 vigor

299 1249 445 1289 animse
464 1265 505 1290 se
528 1250 725 1291 refundit.

359 1319 446 1360 LX.
497 1337 511 1356 «
527 1320 578 1360 Et
600 1320 721 1369 sedit,
745 1320 894 1376 inquit,
920 1337 1013 1363 arca
1037 1322 1213 1378 septimo
1229 1336 1388 1369 mense,
1416 1320 1592 1378 septima
1611 1328 1655 1363 et

299 1389 741 1446 1)ΥΞΞὉΞῘΙΠΞᾞΠῚΘΠΞῘΞῆ
758 1391 872 1433 »Nisi
895 1391 1113 1448 diligenter
1135 1391 1339 1440 intendas,
1355 1391 1480 1432 etiam
1504 1404 1656 1432 secun-

302 1458 403 1499 dum
427 1459 608 1499 litteram
631 1460 810 1501 difficilis
824 1461 904 1502 loci
931 1461 1046 1502 istius
1064 1460 1381 1518 comprehensio
1403 1467 1478 1502 est.
1496 1460 1549 1500 Et
1564 1459 1657 1517 pri-

300 1544 418 1569 11111111
436 1529 625 1570 omnium
643 1533 892 1579 cavendum,
913 1547 964 1572 ne
991 1546 1117 1587 quem
1139 1531 1304 1588 septimi
1327 1529 1480 1572 mensis
1501 1529 1658 1587 repeti-

301 1598 359 1638 tio
383 1599 528 1639 crebra
550 1601 782 1655 perturbet.
810 1601 878 1642 Sic
900 1601 1011 1642 enim
1030 1601 1233 1658 scriptum
1255 1609 1333 1650 est,
1352 1600 1657 1643 sexcentesimo

304 1683 412 1709 anno
434 1671 668 1710 secundum
697 1659 939 1712 hebraicam
961 1672 1194 1720 ver-itatem,
1218 1686 1361 1712 mense
1384 1685 1482 1712 vero
1504 1670 1655 1727 primo,

304 1739 478 1795 septima
496 1747 537 1780 et
555 1739 752 1796 vigesima
770 1741 836 1781 die
859 1741 1013 1782 mensis
1036 1742 1210 1798 coepisse
1231 1741 1459 1782 diluvium:
1485 1747 1658 1781 centum

303 1809 601 1865 quinquaginta
637 1810 782 1851 diebus
820 1810 946 1851 fuisse
973 1810 1225 1851 infusionem
1254 1825 1475 1867 aquarum,
1505 1809 1661 1851 sedisse

306 1895 446 1920 arcam
463 1879 505 1919 in
526 1888 668 1920 monte
693 1880 869 1937 septimo
891 1896 1050 1930 mense,
1076 1881 1252 1938 septima
1274 1889 1315 1922 et
1336 1880 1533 1938 vigesima
1549 1894 1664 1921 men-

307 1948 386 1989 sis:
408 1957 550 2004 postea
571 1949 702 1990 minui
728 1951 900 2006 coepisse
919 1966 1044 2007 aquas
1065 1951 1349 2000 misericordia
1372 1950 1465 1998 Dei,
1491 1958 1663 1992 centum

309 2018 608 2074 quinquaginta
637 2018 783 2060 diebus
810 2019 1131 2061 diminutionem
1154 2036 1356 2077 aquarum
1377 2020 1547 2069 factam,
1567 2035 1665 2076 pos—

308 2096 374 2129 tca
403 2087 641 2144 apparuisse
674 2089 809 2145 capita
830 2090 1040 2131 montium
1063 2106 1072 2131 ε
1099 2090 1249 2132 deinde
1272 2099 1366 2148 post
1389 2090 1666 2147 quadraginta

310 2158 396 2199 dies
414 2157 625 2213 aperuisse
637 2159 789 2199 ostium
802 2174 908 2200 arcae
925 2168 1117 2201 sanctum
1134 2160 1237 2209 Noe,
1257 2160 1476 2202 dimissum
1488 2174 1664 2201 corvum

308 2243 394 2269 non
426 2227 659 2276 rexertisse,
693 2228 906 2270 dimissam
939 2230 1179 2271 columbam
1212 2231 1430 2272 revertisse
1459 2245 1660 2279 vacuam,

310 2298 463 2338 iterum
494 2305 584 2353 post
616 2306 777 2354 septem
806 2299 892 2340 dies
924 2300 1137 2341 dimissam
1160 2301 1379 2342 revertisse
1411 2315 1508 2342 cum
1546 2315 1665 2342 ramo

309 2366 442 2415 ohne,
482 2367 603 2408 tertio
638 2377 730 2424 post
760 2377 920 2426 septem
951 2369 1037 2411 dies
1067 2369 1280 2411 dimissam
1302 2385 1388 2412 non
1409 2369 1634 2412 revertisse
1655 2402 1666 2419 ,

311 2446 413 2478 tunc
427 2437 650 2478 advertisse
663 2438 750 2479 Noe
764 2441 877 2494 quod
893 2440 1143 2496 aquaomnis
1161 2440 1414 2482 recessisset.
1433 2439 1494 2482 Ac
1514 2440 1572 2481 sic
1591 2453 1670 2481 an-

312 2522 389 2549 nus
406 2508 628 2549 conclusus
644 2509 876 2552 ostenditur
893 2509 1195 2554 sexcentesimo
1214 2511 1349 2568 primo
1368 2525 1478 2553 anno
1499 2509 1607 2558 Noe,
1627 2508 1667 2553 in

363 2606 370 2620 ¹
393 2597 495 2630 Levit.
513 2600 636 2637 x111‚5‚
654 2600 685 2631 6.
704 2618 742 2624 —
759 2611 769 2624 ²
791 2601 1010 2640 Gen.v1n,4.
