1742 3233
282 303 366 352 414
477 287 484 289 ³
824 312 854 340 5.
895 311 1081 345 1113110511

279 391 440 438 subire,
465 391 531 431 vel
561 388 700 430 anime
729 387 938 445 recipere,
972 387 1062 443 quis
1089 395 1174 428 tam
1200 386 1324 430 fortis
1346 397 1394 431 ut
1416 390 1625 448 patienter

278 460 383 503 serat
400 461 416 501 Ρ
436 460 487 501 Et
508 459 601 500 ideo
628 457 747 499 nobis
770 472 938 514 quoque
962 455 1193 497 affectanda
1214 456 1303 498 haec
1325 459 1489 514 requies
1512 460 1589 501 suit
1612 478 1623 509 3

278 539 325 570 ut
352 530 453 577 (lum
483 528 571 579 No'e‘
602 535 791 578 sanctum
828 525 986 582 majore
1025 525 1255 575 intentione
1288 529 1624 583 consideramus,

280 592 519 641 reficiamur
540 606 581 639 et
607 613 704 645 nos,
727 592 848 637 vsicut
877 610 999 636 0111110
1023 611 1153 652 genus
1179 596 1219 637 in
1248 596 1317 638 illo
1348 583 1549 654 requierit
1577 598 1628 640 ab

281 670 476 727 operibus
494 668 576 709 suis
594 675 715 722 atque
737 665 944 707 moestitia.

338 741 388 782 ΙΙ.
427 740 545 781 [nde
562 747 603 778 et
624 735 906 784 No‘e‘ssdicitur,
925 737 1038 792 quod
1053 737 1181 778 latine
1204 736 1356 779 dicitur
1376 738 1533 794 justus,
1563 739 1631 780 vel

278 808 451 865 requies.
487 807 676 862 Denique
707 813 747 847 et
773 813 966 862 parentes
995 806 1083 861 ejus
1109 807 1332 848 dixerunt:
1371 824 1386 844 «
1415 808 1526 858 Quia
1561 807 1631 849 hic

281 898 296 918 »
310 878 432 920 saciet
448 891 523 917 nos
540 875 800 931 requiescere
818 875 867 916 ab
886 875 1097 931 operibus,
1116 884 1158 917 et
1175 891 1196 916 a
1219 876 1399 923 tristitia,
1419 884 1461 918 et
1483 891 1504 918 a
1523 885 1633 918 terra

279 969 294 990 »
311 949 379 991 cui
395 947 605 989 maledixit
626 945 829 988 Dominus
846 945 956 986 Deus
975 944 985 965 ¹
1013 946 1022 985 1
1043 946 1169 997 Quod
1191 946 1335 1002 utique
1352 946 1383 987 si
1403 947 1454 988 ad
1475 962 1523 988 ea
1544 960 1634 1002 quae

279 1019 387 1061 sacta
411 1025 507 1060 sunt
523 1015 787 1058 referendum
804 1024 924 1072 putes
939 1047 949 1063 ,
969 1029 1067 1057 cum
1085 1015 1289 1058 diluvium
1307 1017 1384 1058 sub
1404 1032 1453 1058 eo
1476 1017 1635 1058 sactum

283 1089 334 1131 sit
354 1121 364 1137 ‚
387 1103 471 1130 non
492 1087 655 1143 requies
678 1085 920 1128 hominibus
934 1119 944 1134 ,
963 1087 1037 1127 scd
1056 1085 1246 1127 interitus
1264 1086 1454 1128 videatur
1469 1087 1605 1128 illatus
1620 1103 1631 1136 ;

281 1174 359 1202 nec
381 1157 568 1200 remissio
593 1157 800 1198 malorum
815 1188 824 1204 ,
854 1157 927 1197 sed
951 1158 1144 1197 cumulus
1165 1156 1443 1198 miseriarum.
1476 1155 1634 1198 Verum

280 1230 312 1271 51
340 1229 437 1286 justi
460 1227 536 1269 viri
558 1235 744 1268 mentem
770 1227 1031 1274 consideres,
1057 1228 1247 1268 advertas
1278 1227 1480 1283 justitiam
1504 1228 1634 1268 solam

282 1315 392 1347 esse,
418 1313 509 1354 quae
535 1297 621 1339 aliis
643 1295 781 1354 potius
812 1304 905 1337 nata
929 1304 1013 1343 est,
1038 1311 1163 1352 quam
1189 1297 1299 1344 sibi;
1327 1312 1412 1338 non
1429 1297 1541 1352 quod
1558 1297 1634 1338 sihi

282 1369 383 1418 utile
405 1376 467 1411 est
495 1375 651 1424 quaerat
666 1399 677 1416 ‚
697 1368 770 1415 sed
785 1368 899 1422 quod
919 1366 1113 1415 omnibus
1135 1382 1143 1408 :
1172 1367 1262 1414 haec
1280 1382 1354 1411 nos
1370 1367 1634 1423 requiescere

283 1438 380 1487 facit
406 1438 456 1486 ab
481 1436 676 1494 operibus
694 1435 947 1492 iniquitatiS,
974 1435 1062 1483 haee
1089 1444 1257 1485 revocat
1278 1451 1299 1477 a
1320 1436 1512 1484 tristium
1539 1435 1635 1492 quia

284 1511 384 1550 (lum
406 1524 454 1555 ea
471 1522 562 1564 quae
578 1507 687 1563 justa
710 1514 804 1550 sunt
822 1506 1019 1563 gerimus,
1039 1506 1144 1552 nihil
1169 1507 1366 1556 timemus
1387 1521 1502 1563 purae
1519 1521 1636 1556 cons-

286 1578 445 1620 cientiae
479 1577 720 1625 securitate,
756 1591 840 1622 11011
871 1578 1062 1619 dolemus
1090 1591 1258 1633 gravem
1289 1578 1489 1624 dolorem.
1526 1576 1638 1624 Nihil

284 1650 397 1690 enim
426 1657 487 1690 est
514 1649 628 1704 quod
655 1646 826 1703 majoris
853 1646 1008 1688 doloris
1044 1647 1126 1695 sit,
1157 1661 1282 1702 quam
1315 1648 1447 1703 culpae
1475 1654 1628 1688 reatus.

282 1720 607 1779 Requiescamus
621 1718 746 1760 etiam
769 1718 819 1760 ab
844 1717 958 1759 omni
977 1732 1077 1759 cura
1094 1726 1271 1759 terrenae
1288 1717 1631 1767 conversationis,

283 1806 374 1848 quae
410 1806 561 1851 corpus
593 1798 783 1832 nostrum
815 1796 939 1847 atque
971 1787 1154 1832 animam
1187 1787 1478 1849 frequentibus
1512 1795 1636 1833 vexat

286 1860 498 1909 doloribus
518 1892 529 1908 ,
551 1859 763 1916 vitamque
786 1857 938 1910 atterit.

330 1983 339 2001 ¹
359 1975 443 2008 Gen.
460 1984 493 2014 v,
510 1985 560 2017 29.
