<?xml version="1.0" encoding="UTF-8"?>
<!DOCTYPE html PUBLIC "-//W3C//DTD XHTML 1.0 Transitional//EN"
    "http://www.w3.org/TR/xhtml1/DTD/xhtml1-transitional.dtd">
<html xmlns="http://www.w3.org/1999/xhtml" xml:lang="en" lang="en">
 <head>
  <title>
</title>
<meta http-equiv="Content-Type" content="text/html;charset=utf-8" />
  <meta name='ocr-system' content='tesseract 3.04.00' />
  <meta name='ocr-capabilities' content='ocr_page ocr_carea ocr_par ocr_line ocrx_word'/>
</head>
<body>
  <div class='ocr_page' id='page_1' title='image "./omniaequaeextant01ambruoft_0690.png"; bbox 0 0 1742 3233; ppageno 0'>
   <div class='ocr_carea' id='block_1_1' title="bbox 328 298 1067 354">
    <p class='ocr_par' dir='ltr' id='par_1_1' title="bbox 328 298 1067 354">
     <span class='ocr_line' id='line_1_1' title="bbox 328 298 1067 354; baseline -0.001 -9"><span class='ocrx_word' id='word_1_1' title='bbox 328 298 417 354; x_wconf 76' lang='lat'>654</span> <span class='ocrx_word' id='word_1_2' title='bbox 931 300 1067 346; x_wconf 48' lang='lat' dir='ltr'>isbex.</span> 
     </span>
    </p>
   </div>
   <div class='ocr_carea' id='block_1_2' title="bbox 327 387 1582 976">
    <p class='ocr_par' dir='ltr' id='par_1_2' title="bbox 369 387 1571 490">
     <span class='ocr_line' id='line_1_2' title="bbox 369 387 1571 440; baseline 0.002 -13"><span class='ocrx_word' id='word_1_3' title='bbox 369 392 528 427; x_wconf 83' lang='lat' dir='ltr'>ractarum</span> <span class='ocrx_word' id='word_1_4' title='bbox 549 390 619 424; x_wconf 83' lang='lat' dir='ltr'>eoeli</span> <span class='ocrx_word' id='word_1_5' title='bbox 645 387 827 434; x_wconf 82' lang='lat' dir='ltr'>ruptionem</span> <span class='ocrx_word' id='word_1_6' title='bbox 844 387 958 428; x_wconf 85' lang='lat' dir='ltr'>mentis</span> <span class='ocrx_word' id='word_1_7' title='bbox 986 399 1083 436; x_wconf 89' lang='lat' dir='ltr'>atque</span> <span class='ocrx_word' id='word_1_8' title='bbox 1104 393 1248 438; x_wconf 87' lang='lat' dir='ltr'>corporis</span> <span class='ocrx_word' id='word_1_9' title='bbox 1269 393 1425 429; x_wconf 88' lang='lat' dir='ltr'>diluvium</span> <span class='ocrx_word' id='word_1_10' title='bbox 1450 395 1571 440; x_wconf 77' lang='lat' dir='ltr'>signifi-</span> 
     </span>
     <span class='ocr_line' id='line_1_3' title="bbox 372 448 900 490; baseline 0 -10"><span class='ocrx_word' id='word_1_11' title='bbox 372 448 450 480; x_wconf 86' lang='lat' dir='ltr'>cari.</span> <span class='ocrx_word' id='word_1_12' title='bbox 897 487 900 490; x_wconf 26' lang='grc' dir='ltr'>Ι</span> 
     </span>
    </p>

    <p class='ocr_par' dir='ltr' id='par_1_3' title="bbox 327 495 1578 866">
     <span class='ocr_line' id='line_1_4' title="bbox 327 495 1576 545; baseline 0.002 -12"><span class='ocrx_word' id='word_1_13' title='bbox 327 501 436 533; x_wconf 66' lang='lat' dir='ltr'>Cum</span> <span class='ocrx_word' id='word_1_14' title='bbox 448 499 528 534; x_wconf 86' lang='lat' dir='ltr'>XV.</span> <span class='ocrx_word' id='word_1_15' title='bbox 551 499 615 532; x_wconf 86' lang='lat' dir='ltr'>Per</span> <span class='ocrx_word' id='word_1_16' title='bbox 630 495 735 532; x_wconf 87' lang='lat' dir='ltr'>arcam</span> <span class='ocrx_word' id='word_1_17' title='bbox 749 510 766 532; x_wconf 89' lang='lat' dir='ltr'>a</span> <span class='ocrx_word' id='word_1_18' title='bbox 781 495 860 533; x_wconf 73' lang='lat' dir='ltr'>foris</span> <span class='ocrx_word' id='word_1_19' title='bbox 875 500 1012 533; x_wconf 84' lang='lat' dir='ltr'>clausam</span> <span class='ocrx_word' id='word_1_20' title='bbox 1028 505 1060 534; x_wconf 86' lang='lat' dir='ltr'>et</span> <span class='ocrx_word' id='word_1_21' title='bbox 1077 501 1112 533; x_wconf 90' lang='lat' dir='ltr'>in</span> <span class='ocrx_word' id='word_1_22' title='bbox 1124 501 1213 545; x_wconf 81' lang='lat' dir='ltr'>aquis</span> <span class='ocrx_word' id='word_1_23' title='bbox 1227 500 1448 540; x_wconf 79' lang='lat' dir='ltr'>fluctuantem,</span> <span class='ocrx_word' id='word_1_24' title='bbox 1461 512 1576 545; x_wconf 89' lang='lat' dir='ltr'>corpus</span> 
     </span>
     <span class='ocr_line' id='line_1_5' title="bbox 372 553 1576 599; baseline 0.003 -14"><span class='ocrx_word' id='word_1_25' title='bbox 372 554 510 585; x_wconf 82' lang='lat' dir='ltr'>hominis</span> <span class='ocrx_word' id='word_1_26' title='bbox 535 553 622 586; x_wconf 92' lang='lat' dir='ltr'>corio</span> <span class='ocrx_word' id='word_1_27' title='bbox 649 558 770 586; x_wconf 85' lang='lat' dir='ltr'>tectum</span> <span class='ocrx_word' id='word_1_28' title='bbox 799 561 830 585; x_wconf 81' lang='lat' dir='ltr'>et</span> <span class='ocrx_word' id='word_1_29' title='bbox 853 554 948 586; x_wconf 85' lang='lat' dir='ltr'>variis</span> <span class='ocrx_word' id='word_1_30' title='bbox 972 554 1112 586; x_wconf 85' lang='lat' dir='ltr'>motibus</span> <span class='ocrx_word' id='word_1_31' title='bbox 1125 556 1277 597; x_wconf 85' lang='lat' dir='ltr'>agitatum</span> <span class='ocrx_word' id='word_1_32' title='bbox 1292 567 1301 594; x_wconf 76' lang='grc' dir='ltr'><strong>ς</strong></span> <span class='ocrx_word' id='word_1_33' title='bbox 1317 566 1376 598; x_wconf 88' lang='lat' dir='ltr'>per</span> <span class='ocrx_word' id='word_1_34' title='bbox 1393 556 1576 599; x_wconf 88' lang='lat' dir='ltr'>quindecim</span> 
     </span>
     <span class='ocr_line' id='line_1_6' title="bbox 371 605 1571 649; baseline 0.003 -11"><span class='ocrx_word' id='word_1_35' title='bbox 371 617 461 649; x_wconf 80' lang='lat' dir='ltr'>aquae</span> <span class='ocrx_word' id='word_1_36' title='bbox 474 606 610 645; x_wconf 88' lang='lat' dir='ltr'>cubitos,</span> <span class='ocrx_word' id='word_1_37' title='bbox 628 605 743 649; x_wconf 90' lang='lat' dir='ltr'>quibus</span> <span class='ocrx_word' id='word_1_38' title='bbox 761 611 888 639; x_wconf 86' lang='lat' dir='ltr'>montes</span> <span class='ocrx_word' id='word_1_39' title='bbox 902 607 1149 649; x_wconf 79' lang='lat' dir='ltr'>superabantur,</span> <span class='ocrx_word' id='word_1_40' title='bbox 1164 608 1317 641; x_wconf 82' lang='lat' dir='ltr'>humanos</span> <span class='ocrx_word' id='word_1_41' title='bbox 1330 608 1438 642; x_wconf 85' lang='lat' dir='ltr'>sensus</span> <span class='ocrx_word' id='word_1_42' title='bbox 1452 621 1461 646; x_wconf 85' lang='lat'>;</span> <span class='ocrx_word' id='word_1_43' title='bbox 1482 609 1571 642; x_wconf 85' lang='lat' dir='ltr'>deni-</span> 
     </span>
     <span class='ocr_line' id='line_1_7' title="bbox 370 659 1573 706; baseline 0.002 -13"><span class='ocrx_word' id='word_1_44' title='bbox 370 671 432 704; x_wconf 89' lang='lat' dir='ltr'>que</span> <span class='ocrx_word' id='word_1_45' title='bbox 452 671 510 703; x_wconf 90' lang='lat' dir='ltr'>per</span> <span class='ocrx_word' id='word_1_46' title='bbox 531 665 670 693; x_wconf 90' lang='lat' dir='ltr'>mortem</span> <span class='ocrx_word' id='word_1_47' title='bbox 685 659 788 692; x_wconf 90' lang='lat' dir='ltr'>omnis</span> <span class='ocrx_word' id='word_1_48' title='bbox 803 661 917 697; x_wconf 90' lang='lat' dir='ltr'>carnis,</span> <span class='ocrx_word' id='word_1_49' title='bbox 932 661 1045 693; x_wconf 77' lang='lat' dir='ltr'>animae</span> <span class='ocrx_word' id='word_1_50' title='bbox 1061 661 1259 704; x_wconf 78' lang='lat' dir='ltr'>passionibus</span> <span class='ocrx_word' id='word_1_51' title='bbox 1273 668 1433 706; x_wconf 84' lang='lat' dir='ltr'>corruptae</span> <span class='ocrx_word' id='word_1_52' title='bbox 1457 663 1573 696; x_wconf 79' lang='lat' dir='ltr'>inteii—</span> 
     </span>
     <span class='ocr_line' id='line_1_8' title="bbox 374 713 1576 758; baseline 0.002 -10"><span class='ocrx_word' id='word_1_53' title='bbox 374 721 443 748; x_wconf 88' lang='lat' dir='ltr'>tum</span> <span class='ocrx_word' id='word_1_54' title='bbox 470 713 674 753; x_wconf 85' lang='lat' dir='ltr'>adumbrari,</span> <span class='ocrx_word' id='word_1_55' title='bbox 700 713 853 757; x_wconf 86' lang='lat' dir='ltr'>superbos</span> <span class='ocrx_word' id='word_1_56' title='bbox 871 719 978 746; x_wconf 86' lang='lat' dir='ltr'>autem</span> <span class='ocrx_word' id='word_1_57' title='bbox 1003 715 1164 758; x_wconf 87' lang='lat' dir='ltr'>praecipue</span> <span class='ocrx_word' id='word_1_58' title='bbox 1187 715 1353 752; x_wconf 87' lang='lat' dir='ltr'>delendos,</span> <span class='ocrx_word' id='word_1_59' title='bbox 1383 727 1454 748; x_wconf 90' lang='lat' dir='ltr'>cum</span> <span class='ocrx_word' id='word_1_60' title='bbox 1475 716 1576 758; x_wconf 79' lang='lat' dir='ltr'>justus</span> 
     </span>
     <span class='ocr_line' id='line_1_9' title="bbox 373 767 1578 812; baseline 0.002 -12"><span class='ocrx_word' id='word_1_61' title='bbox 373 767 504 800; x_wconf 87' lang='lat' dir='ltr'>interim</span> <span class='ocrx_word' id='word_1_62' title='bbox 525 768 675 801; x_wconf 76' lang='lat' dir='ltr'>extinctis</span> <span class='ocrx_word' id='word_1_63' title='bbox 697 767 804 810; x_wconf 86' lang='lat' dir='ltr'>pravis</span> <span class='ocrx_word' id='word_1_64' title='bbox 828 767 969 800; x_wconf 87' lang='lat' dir='ltr'>motibus</span> <span class='ocrx_word' id='word_1_65' title='bbox 993 768 1025 799; x_wconf 92' lang='lat' dir='ltr'>in</span> <span class='ocrx_word' id='word_1_66' title='bbox 1044 779 1178 811; x_wconf 86' lang='lat' dir='ltr'>corpore</span> <span class='ocrx_word' id='word_1_67' title='bbox 1199 769 1287 812; x_wconf 86' lang='lat' dir='ltr'>quasi</span> <span class='ocrx_word' id='word_1_68' title='bbox 1305 769 1511 812; x_wconf 88' lang='lat' dir='ltr'>incorporeus</span> <span class='ocrx_word' id='word_1_69' title='bbox 1526 779 1578 803; x_wconf 87' lang='lat' dir='ltr'>re-</span> 
     </span>
     <span class='ocr_line' id='line_1_10' title="bbox 375 826 1040 866; baseline 0 -11"><span class='ocrx_word' id='word_1_70' title='bbox 375 826 514 855; x_wconf 84' lang='lat' dir='ltr'>maneat.</span> <span class='ocrx_word' id='word_1_71' title='bbox 1037 864 1040 866; x_wconf 18' lang='lat' dir='ltr'>v</span> 
     </span>
    </p>

    <p class='ocr_par' dir='ltr' id='par_1_4' title="bbox 333 875 1582 976">
     <span class='ocr_line' id='line_1_11' title="bbox 333 875 1580 922; baseline 0.001 -12"><span class='ocrx_word' id='word_1_72' title='bbox 333 877 445 910; x_wconf 76' lang='lat' dir='ltr'>Cnur</span> <span class='ocrx_word' id='word_1_73' title='bbox 461 876 557 909; x_wconf 78' lang='lat' dir='ltr'><strong>XVI.</strong></span> <span class='ocrx_word' id='word_1_74' title='bbox 573 876 641 909; x_wconf 89' lang='lat' dir='ltr'>Cur</span> <span class='ocrx_word' id='word_1_75' title='bbox 656 875 776 909; x_wconf 85' lang='lat' dir='ltr'>dictum</span> <span class='ocrx_word' id='word_1_76' title='bbox 792 877 833 909; x_wconf 64' lang='lat' dir='ltr'>si‘t</span> <span class='ocrx_word' id='word_1_77' title='bbox 854 888 862 908; x_wconf 91' lang='lat'>:</span> <span class='ocrx_word' id='word_1_78' title='bbox 887 875 1008 910; x_wconf 82' lang='lat' dir='ltr'><strong><em>Memor</em></strong></span> <span class='ocrx_word' id='word_1_79' title='bbox 1023 877 1090 921; x_wconf 73' lang='lat' dir='ltr'>fuit</span> <span class='ocrx_word' id='word_1_80' title='bbox 1113 877 1272 910; x_wconf 75' lang='lat' dir='ltr'>Dominus</span> <span class='ocrx_word' id='word_1_81' title='bbox 1289 877 1376 916; x_wconf 77' lang='grc' dir='ltr'>Νοέ,</span> <span class='ocrx_word' id='word_1_82' title='bbox 1405 879 1493 912; x_wconf 85' lang='lat' dir='ltr'>nulla</span> <span class='ocrx_word' id='word_1_83' title='bbox 1512 880 1580 922; x_wconf 88' lang='lat' dir='ltr'>ejus</span> 
     </span>
     <span class='ocr_line' id='line_1_12' title="bbox 374 929 1582 976; baseline 0.001 -13"><span class='ocrx_word' id='word_1_84' title='bbox 374 930 481 964; x_wconf 83' lang='lat' dir='ltr'>uxoris</span> <span class='ocrx_word' id='word_1_85' title='bbox 496 941 533 963; x_wconf 90' lang='lat' dir='ltr'>ac</span> <span class='ocrx_word' id='word_1_86' title='bbox 547 929 685 962; x_wconf 86' lang='lat' dir='ltr'>filiorum</span> <span class='ocrx_word' id='word_1_87' title='bbox 700 932 768 972; x_wconf 85' lang='lat' dir='ltr'>ejus</span> <span class='ocrx_word' id='word_1_88' title='bbox 784 930 866 963; x_wconf 79' lang='lat' dir='ltr'>facta</span> <span class='ocrx_word' id='word_1_89' title='bbox 879 931 1043 964; x_wconf 81' lang='lat' dir='ltr'>mentione</span> <span class='ocrx_word' id='word_1_90' title='bbox 1054 936 1067 963; x_wconf 67' lang='grc' dir='ltr'>ἱ</span> <span class='ocrx_word' id='word_1_91' title='bbox 1085 931 1152 963; x_wconf 91' lang='lat' dir='ltr'>Cur</span> <span class='ocrx_word' id='word_1_92' title='bbox 1167 932 1243 964; x_wconf 89' lang='lat' dir='ltr'>item</span> <span class='ocrx_word' id='word_1_93' title='bbox 1262 930 1371 965; x_wconf 84' lang='lat' dir='ltr'>bestiae</span> <span class='ocrx_word' id='word_1_94' title='bbox 1384 932 1471 974; x_wconf 88' lang='lat' dir='ltr'>prius</span> <span class='ocrx_word' id='word_1_95' title='bbox 1487 942 1582 976; x_wconf 88' lang='lat' dir='ltr'>quam</span> 
     </span>
    </p>
   </div>
   <div class='ocr_carea' id='block_1_3' title="bbox 374 984 1581 1081">
    <p class='ocr_par' dir='ltr' id='par_1_5' title="bbox 374 984 1581 1081">
     <span class='ocr_line' id='line_1_13' title="bbox 374 984 1581 1028; baseline 0 -10"><span class='ocrx_word' id='word_1_96' title='bbox 374 984 518 1028; x_wconf 79' lang='lat' dir='ltr'>jumenta</span> <span class='ocrx_word' id='word_1_97' title='bbox 543 985 707 1017; x_wconf 89' lang='lat' dir='ltr'>nominata</span> <span class='ocrx_word' id='word_1_98' title='bbox 726 985 802 1024; x_wconf 87' lang='lat' dir='ltr'>sint,</span> <span class='ocrx_word' id='word_1_99' title='bbox 818 990 850 1017; x_wconf 89' lang='lat' dir='ltr'>et</span> <span class='ocrx_word' id='word_1_100' title='bbox 865 985 967 1028; x_wconf 85' lang='lat' dir='ltr'>qualis</span> <span class='ocrx_word' id='word_1_101' title='bbox 982 985 1111 1027; x_wconf 87' lang='lat' dir='ltr'>spiritus</span> <span class='ocrx_word' id='word_1_102' title='bbox 1127 995 1222 1028; x_wconf 87' lang='lat' dir='ltr'>super</span> <span class='ocrx_word' id='word_1_103' title='bbox 1235 991 1354 1018; x_wconf 88' lang='lat' dir='ltr'>terram</span> <span class='ocrx_word' id='word_1_104' title='bbox 1369 985 1529 1025; x_wconf 86' lang='lat' dir='ltr'>inductus,</span> <span class='ocrx_word' id='word_1_105' title='bbox 1544 990 1581 1019; x_wconf 85' lang='lat' dir='ltr'>ut</span> 
     </span>
     <span class='ocr_line' id='line_1_14' title="bbox 376 1041 664 1081; baseline -0.003 -11"><span class='ocrx_word' id='word_1_106' title='bbox 376 1047 469 1081; x_wconf 81' lang='lat' dir='ltr'>aquae</span> <span class='ocrx_word' id='word_1_107' title='bbox 480 1042 637 1070; x_wconf 81' lang='lat' dir='ltr'>cessarent</span> <span class='ocrx_word' id='word_1_108' title='bbox 650 1041 664 1068; x_wconf 81' lang='grc' dir='ltr'>ἰ’</span> 
     </span>
    </p>
   </div>
   <div class='ocr_carea' id='block_1_4' title="bbox 340 1091 1585 1403">
    <p class='ocr_par' dir='ltr' id='par_1_6' title="bbox 340 1091 1585 1403">
     <span class='ocr_line' id='line_1_15' title="bbox 340 1091 1583 1134; baseline 0 -9"><span class='ocrx_word' id='word_1_109' title='bbox 340 1093 451 1125; x_wconf 63' lang='lat' dir='ltr'>Cnem-</span> <span class='ocrx_word' id='word_1_110' title='bbox 464 1091 579 1125; x_wconf 84' lang='lat' dir='ltr'><strong>xv11.</strong></span> <span class='ocrx_word' id='word_1_111' title='bbox 599 1092 729 1124; x_wconf 81' lang='lat' dir='ltr'>Ctausos</span> <span class='ocrx_word' id='word_1_112' title='bbox 757 1102 911 1134; x_wconf 88' lang='lat' dir='ltr'>aquarum</span> <span class='ocrx_word' id='word_1_113' title='bbox 940 1092 1043 1125; x_wconf 81' lang='lat' dir='ltr'>fontes</span> <span class='ocrx_word' id='word_1_114' title='bbox 1065 1098 1096 1126; x_wconf 83' lang='lat' dir='ltr'>et</span> <span class='ocrx_word' id='word_1_115' title='bbox 1118 1098 1290 1126; x_wconf 81' lang='lat' dir='ltr'>cataractas</span> <span class='ocrx_word' id='word_1_116' title='bbox 1314 1092 1456 1126; x_wconf 86' lang='lat' dir='ltr'>indicare</span> <span class='ocrx_word' id='word_1_117' title='bbox 1476 1103 1583 1125; x_wconf 89' lang='lat' dir='ltr'>causas</span> 
     </span>
     <span class='ocr_line' id='line_1_16' title="bbox 378 1145 1582 1179; baseline 0 -1"><span class='ocrx_word' id='word_1_118' title='bbox 378 1147 497 1178; x_wconf 84' lang='lat' dir='ltr'>erroris</span> <span class='ocrx_word' id='word_1_119' title='bbox 513 1145 553 1178; x_wconf 91' lang='lat' dir='ltr'>ad</span> <span class='ocrx_word' id='word_1_120' title='bbox 568 1147 682 1178; x_wconf 87' lang='lat' dir='ltr'>animae</span> <span class='ocrx_word' id='word_1_121' title='bbox 701 1145 869 1178; x_wconf 85' lang='lat' dir='ltr'>sanitatem</span> <span class='ocrx_word' id='word_1_122' title='bbox 885 1156 951 1178; x_wconf 90' lang='lat' dir='ltr'>esse</span> <span class='ocrx_word' id='word_1_123' title='bbox 967 1146 1152 1179; x_wconf 84' lang='lat' dir='ltr'>recidendas</span> <span class='ocrx_word' id='word_1_124' title='bbox 1172 1159 1180 1177; x_wconf 90' lang='lat'>:</span> <span class='ocrx_word' id='word_1_125' title='bbox 1197 1147 1486 1179; x_wconf 85' lang='lat' dir='ltr'>dinumerationem</span> <span class='ocrx_word' id='word_1_126' title='bbox 1502 1151 1582 1179; x_wconf 86' lang='lat' dir='ltr'>tem-</span> 
     </span>
     <span class='ocr_line' id='line_1_17' title="bbox 378 1198 1585 1242; baseline 0.002 -12"><span class='ocrx_word' id='word_1_127' title='bbox 378 1200 466 1242; x_wconf 84' lang='lat' dir='ltr'>poris</span> <span class='ocrx_word' id='word_1_128' title='bbox 480 1209 543 1241; x_wconf 89' lang='lat' dir='ltr'>quo</span> <span class='ocrx_word' id='word_1_129' title='bbox 557 1198 639 1230; x_wconf 87' lang='lat' dir='ltr'>sedit</span> <span class='ocrx_word' id='word_1_130' title='bbox 657 1208 727 1230; x_wconf 86' lang='lat' dir='ltr'>arca</span> <span class='ocrx_word' id='word_1_131' title='bbox 742 1221 751 1236; x_wconf 87' lang='lat'>‚</span> <span class='ocrx_word' id='word_1_132' title='bbox 776 1198 870 1230; x_wconf 85' lang='lat' dir='ltr'>initio</span> <span class='ocrx_word' id='word_1_133' title='bbox 887 1199 976 1237; x_wconf 87' lang='lat' dir='ltr'>anni,</span> <span class='ocrx_word' id='word_1_134' title='bbox 994 1199 1026 1231; x_wconf 90' lang='lat' dir='ltr'>id</span> <span class='ocrx_word' id='word_1_135' title='bbox 1043 1206 1090 1233; x_wconf 82' lang='lat' dir='ltr'>est</span> <span class='ocrx_word' id='word_1_136' title='bbox 1101 1224 1110 1236; x_wconf 89' lang='lat'><em>,</em></span> <span class='ocrx_word' id='word_1_137' title='bbox 1133 1211 1230 1232; x_wconf 78' lang='lat' dir='ltr'>verna</span> <span class='ocrx_word' id='word_1_138' title='bbox 1247 1205 1435 1242; x_wconf 79' lang='lat' dir='ltr'>tempestate</span> <span class='ocrx_word' id='word_1_139' title='bbox 1454 1200 1585 1242; x_wconf 87' lang='lat' dir='ltr'>coepisse</span> 
     </span>
     <span class='ocr_line' id='line_1_18' title="bbox 380 1250 1581 1294; baseline 0 -11"><span class='ocrx_word' id='word_1_140' title='bbox 380 1263 416 1284; x_wconf 89' lang='lat' dir='ltr'>ac</span> <span class='ocrx_word' id='word_1_141' title='bbox 441 1251 568 1284; x_wconf 79' lang='lat' dir='ltr'>desiisse</span> <span class='ocrx_word' id='word_1_142' title='bbox 594 1250 770 1289; x_wconf 88' lang='lat' dir='ltr'>diluvium;</span> <span class='ocrx_word' id='word_1_143' title='bbox 800 1251 976 1294; x_wconf 87' lang='lat' dir='ltr'>iisdemque</span> <span class='ocrx_word' id='word_1_144' title='bbox 999 1252 1139 1285; x_wconf 85' lang='lat' dir='ltr'>numeris</span> <span class='ocrx_word' id='word_1_145' title='bbox 1166 1253 1304 1285; x_wconf 82' lang='lat' dir='ltr'>crevisse</span> <span class='ocrx_word' id='word_1_146' title='bbox 1330 1259 1362 1285; x_wconf 85' lang='lat' dir='ltr'>et</span> <span class='ocrx_word' id='word_1_147' title='bbox 1385 1253 1581 1285; x_wconf 85' lang='lat' dir='ltr'>decrevisse:</span> 
     </span>
     <span class='ocr_line' id='line_1_19' title="bbox 379 1306 1585 1350; baseline 0 -12"><span class='ocrx_word' id='word_1_148' title='bbox 379 1306 495 1339; x_wconf 89' lang='lat' dir='ltr'>ostium</span> <span class='ocrx_word' id='word_1_149' title='bbox 513 1315 594 1338; x_wconf 81' lang='lat' dir='ltr'>arcae</span> <span class='ocrx_word' id='word_1_150' title='bbox 609 1310 783 1338; x_wconf 89' lang='lat' dir='ltr'>reseratum</span> <span class='ocrx_word' id='word_1_151' title='bbox 795 1328 805 1344; x_wconf 89' lang='lat'><strong>‚</strong></span> <span class='ocrx_word' id='word_1_152' title='bbox 831 1311 971 1338; x_wconf 80' lang='lat' dir='ltr'>mentem</span> <span class='ocrx_word' id='word_1_153' title='bbox 985 1317 1042 1349; x_wconf 90' lang='lat' dir='ltr'>per</span> <span class='ocrx_word' id='word_1_154' title='bbox 1055 1317 1162 1339; x_wconf 86' lang='lat' dir='ltr'>sensus</span> <span class='ocrx_word' id='word_1_155' title='bbox 1177 1313 1324 1340; x_wconf 89' lang='lat' dir='ltr'>naturam</span> <span class='ocrx_word' id='word_1_156' title='bbox 1339 1306 1585 1350; x_wconf 78' lang='lat' dir='ltr'>contemplando</span> 
     </span>
     <span class='ocr_line' id='line_1_20' title="bbox 380 1359 1584 1403; baseline -0.001 -10"><span class='ocrx_word' id='word_1_157' title='bbox 380 1360 420 1393; x_wconf 83' lang='lat' dir='ltr'>ad</span> <span class='ocrx_word' id='word_1_158' title='bbox 448 1360 661 1403; x_wconf 81' lang='lat' dir='ltr'>cognitionem</span> <span class='ocrx_word' id='word_1_159' title='bbox 688 1359 750 1391; x_wconf 89' lang='lat' dir='ltr'>Dei</span> <span class='ocrx_word' id='word_1_160' title='bbox 776 1360 967 1401; x_wconf 82' lang='lat' dir='ltr'>pervenire;</span> <span class='ocrx_word' id='word_1_161' title='bbox 993 1359 1121 1392; x_wconf 90' lang='lat' dir='ltr'>demum</span> <span class='ocrx_word' id='word_1_162' title='bbox 1139 1360 1341 1393; x_wconf 88' lang='lat' dir='ltr'>emissionem</span> <span class='ocrx_word' id='word_1_163' title='bbox 1357 1361 1467 1401; x_wconf 80' lang='lat' dir='ltr'>corvi,</span> <span class='ocrx_word' id='word_1_164' title='bbox 1483 1361 1584 1403; x_wconf 81' lang='lat' dir='ltr'>culpae</span> 
     </span>
    </p>
   </div>
   <div class='ocr_carea' id='block_1_5' title="bbox 381 1410 1582 1498">
    <p class='ocr_par' dir='ltr' id='par_1_7' title="bbox 381 1410 1582 1498">
     <span class='ocr_line' id='line_1_21' title="bbox 381 1410 1582 1457; baseline 0.001 -12"><span class='ocrx_word' id='word_1_165' title='bbox 381 1413 600 1455; x_wconf 79' lang='lat' dir='ltr'>depulsionem</span> <span class='ocrx_word' id='word_1_166' title='bbox 621 1422 660 1445; x_wconf 75' lang='lat' dir='ltr'>ex</span> <span class='ocrx_word' id='word_1_167' title='bbox 685 1412 790 1445; x_wconf 83' lang='lat' dir='ltr'>anima</span> <span class='ocrx_word' id='word_1_168' title='bbox 803 1435 813 1452; x_wconf 90' lang='lat'>,</span> <span class='ocrx_word' id='word_1_169' title='bbox 839 1410 879 1445; x_wconf 89' lang='lat' dir='ltr'>ad</span> <span class='ocrx_word' id='word_1_170' title='bbox 904 1422 999 1456; x_wconf 89' lang='lat' dir='ltr'>quam</span> <span class='ocrx_word' id='word_1_171' title='bbox 1014 1414 1162 1446; x_wconf 77' lang='lat' dir='ltr'>extinctis</span> <span class='ocrx_word' id='word_1_172' title='bbox 1178 1414 1374 1457; x_wconf 84' lang='lat' dir='ltr'>passionibus</span> <span class='ocrx_word' id='word_1_173' title='bbox 1397 1425 1462 1448; x_wconf 83' lang='lat' dir='ltr'>non</span> <span class='ocrx_word' id='word_1_174' title='bbox 1477 1425 1582 1448; x_wconf 83' lang='lat' dir='ltr'>rever-</span> 
     </span>
     <span class='ocr_line' id='line_1_22' title="bbox 381 1472 472 1498; baseline 0 0"><span class='ocrx_word' id='word_1_175' title='bbox 381 1472 472 1498; x_wconf 79' lang='lat' dir='ltr'>titur.</span> 
     </span>
    </p>
   </div>
   <div class='ocr_carea' id='block_1_6' title="bbox 338 1512 1592 2647">
    <p class='ocr_par' dir='ltr' id='par_1_8' title="bbox 338 1512 1589 1726">
     <span class='ocr_line' id='line_1_23' title="bbox 338 1512 1586 1565; baseline 0.003 -13"><span class='ocrx_word' id='word_1_176' title='bbox 338 1521 451 1552; x_wconf 69' lang='lat' dir='ltr'>Gne-r</span> <span class='ocrx_word' id='word_1_177' title='bbox 473 1512 608 1553; x_wconf 75' lang='lat' dir='ltr'><strong>XVIII.</strong></span> <span class='ocrx_word' id='word_1_178' title='bbox 639 1519 686 1553; x_wconf 89' lang='lat' dir='ltr'>Ut</span> <span class='ocrx_word' id='word_1_179' title='bbox 711 1530 822 1553; x_wconf 82' lang='lat' dir='ltr'>corvus</span> <span class='ocrx_word' id='word_1_180' title='bbox 845 1520 1016 1560; x_wconf 89' lang='lat' dir='ltr'>malitiam,</span> <span class='ocrx_word' id='word_1_181' title='bbox 1033 1521 1078 1553; x_wconf 92' lang='lat' dir='ltr'>sic</span> <span class='ocrx_word' id='word_1_182' title='bbox 1093 1520 1245 1555; x_wconf 82' lang='lat' dir='ltr'>virtutem</span> <span class='ocrx_word' id='word_1_183' title='bbox 1262 1515 1407 1555; x_wconf 82' lang='lat' dir='ltr'>columba</span> <span class='ocrx_word' id='word_1_184' title='bbox 1423 1523 1586 1565; x_wconf 84' lang='lat' dir='ltr'>exprimit.</span> 
     </span>
     <span class='ocr_line' id='line_1_24' title="bbox 383 1574 1587 1619; baseline 0.003 -13"><span class='ocrx_word' id='word_1_185' title='bbox 383 1575 434 1606; x_wconf 74' lang='lat' dir='ltr'>Ad</span> <span class='ocrx_word' id='word_1_186' title='bbox 451 1574 533 1607; x_wconf 92' lang='lat' dir='ltr'>hanc</span> <span class='ocrx_word' id='word_1_187' title='bbox 549 1575 764 1617; x_wconf 85' lang='lat' dir='ltr'>recipiendam</span> <span class='ocrx_word' id='word_1_188' title='bbox 787 1585 909 1616; x_wconf 89' lang='lat' dir='ltr'>semper</span> <span class='ocrx_word' id='word_1_189' title='bbox 924 1575 1044 1617; x_wconf 87' lang='lat' dir='ltr'>justum</span> <span class='ocrx_word' id='word_1_190' title='bbox 1069 1586 1134 1608; x_wconf 91' lang='lat' dir='ltr'>esse</span> <span class='ocrx_word' id='word_1_191' title='bbox 1158 1583 1303 1619; x_wconf 85' lang='lat' dir='ltr'>paratum</span> <span class='ocrx_word' id='word_1_192' title='bbox 1328 1577 1470 1610; x_wconf 89' lang='lat' dir='ltr'>ostendit</span> <span class='ocrx_word' id='word_1_193' title='bbox 1492 1577 1587 1614; x_wconf 70' lang='grc' dir='ltr'>Νοὸς</span> 
     </span>
     <span class='ocr_line' id='line_1_25' title="bbox 384 1628 1589 1673; baseline 0.002 -13"><span class='ocrx_word' id='word_1_194' title='bbox 384 1628 533 1671; x_wconf 87' lang='lat' dir='ltr'>idemque</span> <span class='ocrx_word' id='word_1_195' title='bbox 547 1628 728 1661; x_wconf 82' lang='lat' dir='ltr'>columbam</span> <span class='ocrx_word' id='word_1_196' title='bbox 743 1633 864 1672; x_wconf 88' lang='lat' dir='ltr'>septem</span> <span class='ocrx_word' id='word_1_197' title='bbox 877 1629 945 1661; x_wconf 83' lang='lat' dir='ltr'>aliis</span> <span class='ocrx_word' id='word_1_198' title='bbox 961 1628 1073 1662; x_wconf 84' lang='lat' dir='ltr'>diebus</span> <span class='ocrx_word' id='word_1_199' title='bbox 1089 1629 1229 1663; x_wconf 88' lang='lat' dir='ltr'>retinens</span> <span class='ocrx_word' id='word_1_200' title='bbox 1241 1631 1430 1673; x_wconf 88' lang='lat' dir='ltr'>patientiam</span> <span class='ocrx_word' id='word_1_201' title='bbox 1446 1631 1479 1663; x_wconf 93' lang='lat' dir='ltr'>in</span> <span class='ocrx_word' id='word_1_202' title='bbox 1493 1631 1589 1664; x_wconf 89' lang='lat' dir='ltr'>corri-</span> 
     </span>
     <span class='ocr_line' id='line_1_26' title="bbox 384 1682 1351 1726; baseline 0.001 -11"><span class='ocrx_word' id='word_1_203' title='bbox 384 1682 487 1724; x_wconf 83' lang='lat' dir='ltr'>gendo</span> <span class='ocrx_word' id='word_1_204' title='bbox 500 1682 707 1715; x_wconf 86' lang='lat' dir='ltr'>necessariam</span> <span class='ocrx_word' id='word_1_205' title='bbox 723 1682 828 1716; x_wconf 86' lang='lat' dir='ltr'>docet.</span> <span class='ocrx_word' id='word_1_206' title='bbox 1349 1724 1351 1726; x_wconf 17' lang='grc' dir='ltr'><strong><em>ι</em></strong></span> 
     </span>
    </p>

    <p class='ocr_par' dir='ltr' id='par_1_9' title="bbox 340 1736 1587 1932">
     <span class='ocr_line' id='line_1_27' title="bbox 340 1736 1587 1781; baseline 0.002 -13"><span class='ocrx_word' id='word_1_207' title='bbox 340 1736 452 1768; x_wconf 66' lang='lat' dir='ltr'>Cum</span> <span class='ocrx_word' id='word_1_208' title='bbox 470 1737 569 1769; x_wconf 89' lang='lat' dir='ltr'>XIX.</span> <span class='ocrx_word' id='word_1_209' title='bbox 585 1737 743 1769; x_wconf 88' lang='lat' dir='ltr'>Columba</span> <span class='ocrx_word' id='word_1_210' title='bbox 758 1748 856 1778; x_wconf 91' lang='lat' dir='ltr'>quare</span> <span class='ocrx_word' id='word_1_211' title='bbox 877 1737 1004 1770; x_wconf 75' lang='lat' dir='ltr'>d1catur</span> <span class='ocrx_word' id='word_1_212' title='bbox 1018 1737 1058 1770; x_wconf 90' lang='lat' dir='ltr'>ad</span> <span class='ocrx_word' id='word_1_213' title='bbox 1075 1748 1238 1780; x_wconf 80' lang='lat' dir='ltr'>vesperam</span> <span class='ocrx_word' id='word_1_214' title='bbox 1254 1748 1392 1781; x_wconf 77' lang='lat' dir='ltr'>regressa</span> <span class='ocrx_word' id='word_1_215' title='bbox 1408 1749 1480 1770; x_wconf 88' lang='lat' dir='ltr'>cum</span> <span class='ocrx_word' id='word_1_216' title='bbox 1495 1738 1587 1771; x_wconf 81' lang='lat' dir='ltr'>olivae</span> 
     </span>
     <span class='ocr_line' id='line_1_28' title="bbox 383 1791 1587 1835; baseline 0.002 -13"><span class='ocrx_word' id='word_1_217' title='bbox 383 1801 472 1822; x_wconf 86' lang='lat' dir='ltr'>ramo</span> <span class='ocrx_word' id='word_1_218' title='bbox 489 1791 522 1823; x_wconf 90' lang='lat' dir='ltr'>in</span> <span class='ocrx_word' id='word_1_219' title='bbox 538 1801 617 1823; x_wconf 86' lang='lat' dir='ltr'>ore:</span> <span class='ocrx_word' id='word_1_220' title='bbox 637 1791 714 1824; x_wconf 88' lang='lat' dir='ltr'>item</span> <span class='ocrx_word' id='word_1_221' title='bbox 735 1791 819 1823; x_wconf 90' lang='lat' dir='ltr'>unde</span> <span class='ocrx_word' id='word_1_222' title='bbox 841 1802 938 1835; x_wconf 91' lang='lat' dir='ltr'>aquas</span> <span class='ocrx_word' id='word_1_223' title='bbox 965 1792 1114 1825; x_wconf 79' lang='lat' dir='ltr'>defecisse</span> <span class='ocrx_word' id='word_1_224' title='bbox 1139 1791 1210 1824; x_wconf 70' lang='lat' dir='ltr'>Noe</span> <span class='ocrx_word' id='word_1_225' title='bbox 1233 1793 1440 1835; x_wconf 84' lang='lat' dir='ltr'>cognoverit:</span> <span class='ocrx_word' id='word_1_226' title='bbox 1458 1793 1587 1825; x_wconf 83' lang='lat' dir='ltr'>tandem</span> 
     </span>
     <span class='ocr_line' id='line_1_29' title="bbox 384 1845 1586 1889; baseline 0.001 -12"><span class='ocrx_word' id='word_1_227' title='bbox 384 1855 440 1876; x_wconf 86' lang='lat' dir='ltr'>cur</span> <span class='ocrx_word' id='word_1_228' title='bbox 458 1845 569 1878; x_wconf 86' lang='lat' dir='ltr'>eadem</span> <span class='ocrx_word' id='word_1_229' title='bbox 593 1845 740 1878; x_wconf 84' lang='lat' dir='ltr'>columba</span> <span class='ocrx_word' id='word_1_230' title='bbox 762 1851 834 1888; x_wconf 89' lang='lat' dir='ltr'>post</span> <span class='ocrx_word' id='word_1_231' title='bbox 859 1846 925 1878; x_wconf 89' lang='lat' dir='ltr'>dies</span> <span class='ocrx_word' id='word_1_232' title='bbox 949 1851 1071 1889; x_wconf 84' lang='lat' dir='ltr'>septem</span> <span class='ocrx_word' id='word_1_233' title='bbox 1098 1846 1194 1879; x_wconf 89' lang='lat' dir='ltr'>tertio</span> <span class='ocrx_word' id='word_1_234' title='bbox 1225 1846 1334 1879; x_wconf 89' lang='lat' dir='ltr'>emissa</span> <span class='ocrx_word' id='word_1_235' title='bbox 1364 1857 1427 1878; x_wconf 93' lang='lat' dir='ltr'>non</span> <span class='ocrx_word' id='word_1_236' title='bbox 1461 1856 1586 1878; x_wconf 80' lang='lat' dir='ltr'>reversa</span> 
     </span>
     <span class='ocr_line' id='line_1_30' title="bbox 383 1899 449 1932; baseline 0 -2"><span class='ocrx_word' id='word_1_237' title='bbox 383 1899 423 1932; x_wconf 89' lang='lat' dir='ltr'>sit</span> <span class='ocrx_word' id='word_1_238' title='bbox 436 1901 449 1930; x_wconf 62' lang='grc' dir='ltr'>ζ’</span> 
     </span>
    </p>

    <p class='ocr_par' dir='ltr' id='par_1_10' title="bbox 342 1952 1591 2213">
     <span class='ocr_line' id='line_1_31' title="bbox 342 1952 1589 1997; baseline 0.002 -13"><span class='ocrx_word' id='word_1_239' title='bbox 342 1952 454 1985; x_wconf 63' lang='lat' dir='ltr'>cnm</span> <span class='ocrx_word' id='word_1_240' title='bbox 470 1954 550 1986; x_wconf 87' lang='lat' dir='ltr'>XX.</span> <span class='ocrx_word' id='word_1_241' title='bbox 567 1953 664 1993; x_wconf 88' lang='lat' dir='ltr'>Quod</span> <span class='ocrx_word' id='word_1_242' title='bbox 679 1953 741 1985; x_wconf 91' lang='lat' dir='ltr'>alio</span> <span class='ocrx_word' id='word_1_243' title='bbox 758 1954 808 1986; x_wconf 91' lang='lat' dir='ltr'>die</span> <span class='ocrx_word' id='word_1_244' title='bbox 822 1954 989 1986; x_wconf 88' lang='lat' dir='ltr'>imminuta</span> <span class='ocrx_word' id='word_1_245' title='bbox 1003 1964 1084 1997; x_wconf 88' lang='lat' dir='ltr'>aqua</span> <span class='ocrx_word' id='word_1_246' title='bbox 1099 1978 1106 1990; x_wconf 85' lang='lat'><em>,</em></span> <span class='ocrx_word' id='word_1_247' title='bbox 1123 1954 1186 1986; x_wconf 92' lang='lat' dir='ltr'>alio</span> <span class='ocrx_word' id='word_1_248' title='bbox 1205 1953 1318 1987; x_wconf 77' lang='lat' dir='ltr'>siccata</span> <span class='ocrx_word' id='word_1_249' title='bbox 1330 1958 1417 1986; x_wconf 83' lang='lat' dir='ltr'>terra</span> <span class='ocrx_word' id='word_1_250' title='bbox 1432 1963 1589 1986; x_wconf 89' lang='lat' dir='ltr'>memore-</span> 
     </span>
     <span class='ocr_line' id='line_1_32' title="bbox 387 2006 1589 2050; baseline 0 -11"><span class='ocrx_word' id='word_1_251' title='bbox 387 2013 452 2047; x_wconf 85' lang='lat' dir='ltr'>tur,</span> <span class='ocrx_word' id='word_1_252' title='bbox 480 2018 519 2040; x_wconf 93' lang='lat' dir='ltr'>eo</span> <span class='ocrx_word' id='word_1_253' title='bbox 543 2007 712 2050; x_wconf 83' lang='lat' dir='ltr'>significari</span> <span class='ocrx_word' id='word_1_254' title='bbox 734 2008 855 2050; x_wconf 82' lang='lat' dir='ltr'>justum</span> <span class='ocrx_word' id='word_1_255' title='bbox 876 2008 946 2040; x_wconf 67' lang='lat' dir='ltr'>Noe</span> <span class='ocrx_word' id='word_1_256' title='bbox 966 2007 999 2039; x_wconf 87' lang='lat' dir='ltr'>in</span> <span class='ocrx_word' id='word_1_257' title='bbox 1026 2007 1147 2039; x_wconf 87' lang='lat' dir='ltr'>duabus</span> <span class='ocrx_word' id='word_1_258' title='bbox 1174 2006 1431 2050; x_wconf 82' lang='lat' dir='ltr'>generationibus</span> <span class='ocrx_word' id='word_1_259' title='bbox 1451 2007 1589 2050; x_wconf 87' lang='lat' dir='ltr'>primum</span> 
     </span>
     <span class='ocr_line' id='line_1_33' title="bbox 385 2061 1587 2103; baseline -0.002 -9"><span class='ocrx_word' id='word_1_260' title='bbox 385 2061 489 2094; x_wconf 78' lang='lat' dir='ltr'>fuisse.</span> <span class='ocrx_word' id='word_1_261' title='bbox 509 2062 571 2094; x_wconf 88' lang='lat' dir='ltr'>Per</span> <span class='ocrx_word' id='word_1_262' title='bbox 585 2062 831 2094; x_wconf 87' lang='lat' dir='ltr'>denudationem</span> <span class='ocrx_word' id='word_1_263' title='bbox 849 2072 930 2094; x_wconf 80' lang='lat' dir='ltr'>arcae</span> <span class='ocrx_word' id='word_1_264' title='bbox 942 2061 1176 2094; x_wconf 88' lang='lat' dir='ltr'>abdicationem</span> <span class='ocrx_word' id='word_1_265' title='bbox 1191 2071 1354 2103; x_wconf 83' lang='lat' dir='ltr'>corporeae</span> <span class='ocrx_word' id='word_1_266' title='bbox 1368 2061 1587 2093; x_wconf 85' lang='lat' dir='ltr'>delectationis</span> 
     </span>
     <span class='ocr_line' id='line_1_34' title="bbox 387 2115 1591 2160; baseline 0 -12"><span class='ocrx_word' id='word_1_267' title='bbox 387 2116 535 2159; x_wconf 84' lang='lat' dir='ltr'>exprimi.</span> <span class='ocrx_word' id='word_1_268' title='bbox 565 2117 673 2156; x_wconf 87' lang='lat' dir='ltr'>Quare</span> <span class='ocrx_word' id='word_1_269' title='bbox 693 2117 814 2160; x_wconf 88' lang='lat' dir='ltr'>primus</span> <span class='ocrx_word' id='word_1_270' title='bbox 835 2117 886 2148; x_wconf 83' lang='lat' dir='ltr'>vel</span> <span class='ocrx_word' id='word_1_271' title='bbox 913 2115 1069 2148; x_wconf 85' lang='lat' dir='ltr'>secundus</span> <span class='ocrx_word' id='word_1_272' title='bbox 1090 2115 1226 2154; x_wconf 83' lang='lat' dir='ltr'>mensis,</span> <span class='ocrx_word' id='word_1_273' title='bbox 1244 2115 1334 2147; x_wconf 82' lang='lat' dir='ltr'>verni</span> <span class='ocrx_word' id='word_1_274' title='bbox 1355 2116 1509 2158; x_wconf 89' lang='lat' dir='ltr'>temporis</span> <span class='ocrx_word' id='word_1_275' title='bbox 1526 2115 1591 2148; x_wconf 88' lang='lat' dir='ltr'>dies</span> 
     </span>
     <span class='ocr_line' id='line_1_35' title="bbox 388 2169 1366 2213; baseline -0.002 -11"><span class='ocrx_word' id='word_1_276' title='bbox 388 2171 501 2203; x_wconf 91' lang='lat' dir='ltr'>dictus.</span> <span class='ocrx_word' id='word_1_277' title='bbox 518 2171 685 2204; x_wconf 86' lang='lat' dir='ltr'>Postremo</span> <span class='ocrx_word' id='word_1_278' title='bbox 698 2171 868 2203; x_wconf 84' lang='lat' dir='ltr'>difficultas</span> <span class='ocrx_word' id='word_1_279' title='bbox 883 2170 924 2203; x_wconf 89' lang='lat' dir='ltr'>de</span> <span class='ocrx_word' id='word_1_280' title='bbox 940 2170 1018 2202; x_wconf 81' lang='lat' dir='ltr'>solio</span> <span class='ocrx_word' id='word_1_281' title='bbox 1032 2174 1161 2213; x_wconf 85' lang='lat' dir='ltr'>reperto</span> <span class='ocrx_word' id='word_1_282' title='bbox 1175 2169 1366 2202; x_wconf 83' lang='lat' dir='ltr'>dissolvitur.</span> 
     </span>
    </p>

    <p class='ocr_par' dir='ltr' id='par_1_11' title="bbox 341 2223 1592 2430">
     <span class='ocr_line' id='line_1_36' title="bbox 341 2223 1586 2266; baseline 0.001 -10"><span class='ocrx_word' id='word_1_283' title='bbox 341 2223 451 2256; x_wconf 67' lang='lat' dir='ltr'>Cum</span> <span class='ocrx_word' id='word_1_284' title='bbox 464 2225 566 2257; x_wconf 87' lang='lat' dir='ltr'><strong>XXI.</strong></span> <span class='ocrx_word' id='word_1_285' title='bbox 584 2225 651 2257; x_wconf 90' lang='lat' dir='ltr'>Cur</span> <span class='ocrx_word' id='word_1_286' title='bbox 672 2225 741 2257; x_wconf 70' lang='lat' dir='ltr'>Noe</span> <span class='ocrx_word' id='word_1_287' title='bbox 756 2230 791 2257; x_wconf 87' lang='lat' dir='ltr'>ut</span> <span class='ocrx_word' id='word_1_288' title='bbox 813 2225 914 2257; x_wconf 75' lang='lat' dir='ltr'>exiret</span> <span class='ocrx_word' id='word_1_289' title='bbox 931 2234 970 2256; x_wconf 79' lang='lat' dir='ltr'>ex</span> <span class='ocrx_word' id='word_1_290' title='bbox 981 2234 1054 2256; x_wconf 88' lang='lat' dir='ltr'>arca</span> <span class='ocrx_word' id='word_1_291' title='bbox 1074 2223 1135 2256; x_wconf 74' lang='lat' dir='ltr'>Dei</span> <span class='ocrx_word' id='word_1_292' title='bbox 1149 2229 1344 2266; x_wconf 83' lang='lat' dir='ltr'>praeceptum</span> <span class='ocrx_word' id='word_1_293' title='bbox 1359 2223 1586 2266; x_wconf 76' lang='lat' dir='ltr'>expectaverit.</span> 
     </span>
     <span class='ocr_line' id='line_1_37' title="bbox 389 2277 1590 2323; baseline -0.001 -12"><span class='ocrx_word' id='word_1_294' title='bbox 389 2278 559 2318; x_wconf 84' lang='lat' dir='ltr'>Quomodo</span> <span class='ocrx_word' id='word_1_295' title='bbox 568 2289 633 2322; x_wconf 79' lang='lat' dir='ltr'>per</span> <span class='ocrx_word' id='word_1_296' title='bbox 645 2280 791 2312; x_wconf 90' lang='lat' dir='ltr'>ordinem</span> <span class='ocrx_word' id='word_1_297' title='bbox 810 2290 872 2323; x_wconf 89' lang='lat' dir='ltr'>quo</span> <span class='ocrx_word' id='word_1_298' title='bbox 892 2279 976 2311; x_wconf 92' lang='lat' dir='ltr'>idem</span> <span class='ocrx_word' id='word_1_299' title='bbox 996 2288 1068 2311; x_wconf 89' lang='lat' dir='ltr'>cum</span> <span class='ocrx_word' id='word_1_300' title='bbox 1084 2277 1147 2310; x_wconf 90' lang='lat' dir='ltr'>suis</span> <span class='ocrx_word' id='word_1_301' title='bbox 1163 2278 1318 2320; x_wconf 83' lang='lat' dir='ltr'>ingressus</span> <span class='ocrx_word' id='word_1_302' title='bbox 1339 2283 1436 2321; x_wconf 80' lang='lat' dir='ltr'>atque</span> <span class='ocrx_word' id='word_1_303' title='bbox 1450 2288 1590 2320; x_wconf 86' lang='lat' dir='ltr'>egressus</span> 
     </span>
     <span class='ocr_line' id='line_1_38' title="bbox 386 2330 1592 2375; baseline 0.001 -12"><span class='ocrx_word' id='word_1_304' title='bbox 386 2331 588 2369; x_wconf 86' lang='lat' dir='ltr'>describitur.</span> <span class='ocrx_word' id='word_1_305' title='bbox 607 2333 799 2365; x_wconf 89' lang='lat' dir='ltr'>abstinentia</span> <span class='ocrx_word' id='word_1_306' title='bbox 822 2331 1035 2375; x_wconf 80' lang='lat' dir='ltr'>generationis</span> <span class='ocrx_word' id='word_1_307' title='bbox 1051 2342 1175 2364; x_wconf 89' lang='lat' dir='ltr'>necnon</span> <span class='ocrx_word' id='word_1_308' title='bbox 1190 2330 1331 2374; x_wconf 86' lang='lat' dir='ltr'>ejusdem</span> <span class='ocrx_word' id='word_1_309' title='bbox 1349 2342 1431 2369; x_wconf 87' lang='lat' dir='ltr'>usus,</span> <span class='ocrx_word' id='word_1_310' title='bbox 1449 2331 1592 2374; x_wconf 85' lang='lat' dir='ltr'>designe-</span> 
     </span>
     <span class='ocr_line' id='line_1_39' title="bbox 387 2384 1441 2430; baseline 0.001 -12"><span class='ocrx_word' id='word_1_311' title='bbox 387 2391 440 2418; x_wconf 87' lang='lat' dir='ltr'>tur</span> <span class='ocrx_word' id='word_1_312' title='bbox 453 2387 467 2417; x_wconf 79' lang='lat' dir='ltr'>&#39;t&#39;</span> <span class='ocrx_word' id='word_1_313' title='bbox 481 2388 619 2420; x_wconf 76' lang='lat' dir='ltr'>Demum</span> <span class='ocrx_word' id='word_1_314' title='bbox 633 2387 710 2430; x_wconf 92' lang='lat' dir='ltr'>quid</span> <span class='ocrx_word' id='word_1_315' title='bbox 724 2387 777 2419; x_wconf 83' lang='lat' dir='ltr'>ille</span> <span class='ocrx_word' id='word_1_316' title='bbox 788 2386 867 2419; x_wconf 87' lang='lat' dir='ltr'>ordo</span> <span class='ocrx_word' id='word_1_317' title='bbox 883 2386 1017 2430; x_wconf 84' lang='lat' dir='ltr'>spiritali</span> <span class='ocrx_word' id='word_1_318' title='bbox 1032 2386 1195 2420; x_wconf 81' lang='lat' dir='ltr'>intellectu</span> <span class='ocrx_word' id='word_1_319' title='bbox 1211 2397 1268 2418; x_wconf 89' lang='lat' dir='ltr'>nos</span> <span class='ocrx_word' id='word_1_320' title='bbox 1280 2386 1414 2419; x_wconf 87' lang='lat' dir='ltr'>edocent</span> <span class='ocrx_word' id='word_1_321' title='bbox 1427 2384 1441 2418; x_wconf 71' lang='lat'>?</span> 
     </span>
    </p>

    <p class='ocr_par' dir='ltr' id='par_1_12' title="bbox 345 2438 1588 2647">
     <span class='ocr_line' id='line_1_40' title="bbox 345 2438 1588 2484; baseline -0.001 -11"><span class='ocrx_word' id='word_1_322' title='bbox 345 2441 457 2473; x_wconf 57' lang='lat' dir='ltr'>Cim</span> <span class='ocrx_word' id='word_1_323' title='bbox 470 2441 589 2474; x_wconf 85' lang='lat' dir='ltr'>XXII.</span> <span class='ocrx_word' id='word_1_324' title='bbox 607 2442 678 2481; x_wconf 89' lang='lat' dir='ltr'>Qua</span> <span class='ocrx_word' id='word_1_325' title='bbox 691 2441 730 2474; x_wconf 89' lang='lat' dir='ltr'>de</span> <span class='ocrx_word' id='word_1_326' title='bbox 741 2452 831 2474; x_wconf 88' lang='lat' dir='ltr'>causa</span> <span class='ocrx_word' id='word_1_327' title='bbox 845 2441 914 2473; x_wconf 73' lang='lat' dir='ltr'>Noe</span> <span class='ocrx_word' id='word_1_328' title='bbox 927 2451 1013 2473; x_wconf 86' lang='lat' dir='ltr'>aram</span> <span class='ocrx_word' id='word_1_329' title='bbox 1027 2440 1164 2483; x_wconf 80' lang='lat' dir='ltr'>injussus</span> <span class='ocrx_word' id='word_1_330' title='bbox 1178 2441 1248 2473; x_wconf 88' lang='lat' dir='ltr'>Deo</span> <span class='ocrx_word' id='word_1_331' title='bbox 1264 2439 1451 2477; x_wconf 79' lang='lat' dir='ltr'>aedificavit;</span> <span class='ocrx_word' id='word_1_332' title='bbox 1469 2438 1588 2484; x_wconf 85' lang='lat' dir='ltr'>quidve</span> 
     </span>
     <span class='ocr_line' id='line_1_41' title="bbox 390 2494 1580 2538; baseline 0 -12"><span class='ocrx_word' id='word_1_333' title='bbox 390 2495 473 2535; x_wconf 86' lang='lat' dir='ltr'>Deo,</span> <span class='ocrx_word' id='word_1_334' title='bbox 491 2501 522 2528; x_wconf 88' lang='lat' dir='ltr'>et</span> <span class='ocrx_word' id='word_1_335' title='bbox 544 2506 610 2527; x_wconf 92' lang='lat' dir='ltr'>non</span> <span class='ocrx_word' id='word_1_336' title='bbox 624 2495 787 2534; x_wconf 90' lang='lat' dir='ltr'>Domino;</span> <span class='ocrx_word' id='word_1_337' title='bbox 812 2505 911 2538; x_wconf 90' lang='lat' dir='ltr'>quare</span> <span class='ocrx_word' id='word_1_338' title='bbox 932 2495 1027 2527; x_wconf 72' lang='lat' dir='ltr'>etiam</span> <span class='ocrx_word' id='word_1_339' title='bbox 1045 2494 1227 2528; x_wconf 85' lang='lat' dir='ltr'>holocausta</span> <span class='ocrx_word' id='word_1_340' title='bbox 1243 2505 1261 2527; x_wconf 92' lang='lat' dir='ltr'>e</span> <span class='ocrx_word' id='word_1_341' title='bbox 1273 2494 1382 2527; x_wconf 84' lang='lat' dir='ltr'>bestiis</span> <span class='ocrx_word' id='word_1_342' title='bbox 1395 2505 1432 2528; x_wconf 89' lang='lat' dir='ltr'>ac</span> <span class='ocrx_word' id='word_1_343' title='bbox 1443 2495 1580 2528; x_wconf 88' lang='lat' dir='ltr'>volatili-</span> 
     </span>
     <span class='ocr_line' id='line_1_42' title="bbox 391 2546 1587 2593; baseline 0.003 -13"><span class='ocrx_word' id='word_1_344' title='bbox 391 2549 449 2581; x_wconf 87' lang='lat' dir='ltr'>bus</span> <span class='ocrx_word' id='word_1_345' title='bbox 473 2550 600 2583; x_wconf 86' lang='lat' dir='ltr'>mundis</span> <span class='ocrx_word' id='word_1_346' title='bbox 614 2548 768 2583; x_wconf 68' lang='lat' dir='ltr'>obtulerit</span> <span class='ocrx_word' id='word_1_347' title='bbox 781 2561 790 2587; x_wconf 89' lang='lat'>;</span> <span class='ocrx_word' id='word_1_348' title='bbox 815 2555 848 2582; x_wconf 87' lang='lat' dir='ltr'>et</span> <span class='ocrx_word' id='word_1_349' title='bbox 872 2549 949 2592; x_wconf 91' lang='lat' dir='ltr'>quid</span> <span class='ocrx_word' id='word_1_350' title='bbox 964 2549 1006 2582; x_wconf 84' lang='lat' dir='ltr'>sit</span> <span class='ocrx_word' id='word_1_351' title='bbox 1028 2549 1115 2593; x_wconf 90' lang='lat' dir='ltr'>quod</span> <span class='ocrx_word' id='word_1_352' title='bbox 1133 2550 1177 2584; x_wconf 85' lang='lat' dir='ltr'>ait</span> <span class='ocrx_word' id='word_1_353' title='bbox 1194 2549 1351 2583; x_wconf 68' lang='lat' dir='ltr'>Dom&#39;tnns</span> <span class='ocrx_word' id='word_1_354' title='bbox 1388 2546 1587 2592; x_wconf 71' lang='lat' dir='ltr'>&#39;Recogceam</span> 
     </span>
     <span class='ocr_line' id='line_1_43' title="bbox 388 2603 1044 2647; baseline 0.005 -12"><span class='ocrx_word' id='word_1_355' title='bbox 388 2614 452 2636; x_wconf 79' lang='lat' dir='ltr'>non</span> <span class='ocrx_word' id='word_1_356' title='bbox 465 2603 614 2647; x_wconf 68' lang='lat' dir='ltr'>adjiciam</span> <span class='ocrx_word' id='word_1_357' title='bbox 631 2603 818 2640; x_wconf 65' lang='lat' dir='ltr'>maledicere</span> <span class='ocrx_word' id='word_1_358' title='bbox 835 2608 966 2645; x_wconf 72' lang='lat' dir='ltr'>terram,</span> <span class='ocrx_word' id='word_1_359' title='bbox 984 2607 1044 2638; x_wconf 74' lang='lat' dir='ltr'>etc.</span> 
     </span>
    </p>
   </div>
   <div class='ocr_carea' id='block_1_7' title="bbox 1615 441 1679 490">
    <p class='ocr_par' dir='ltr' id='par_1_13' title="bbox 1615 441 1679 490">
     <span class='ocr_line' id='line_1_44' title="bbox 1615 441 1679 490; baseline 0.016 -1"><span class='ocrx_word' id='word_1_360' title='bbox 1615 441 1679 490; x_wconf 65' lang='lat'>446</span> 
     </span>
    </p>
   </div>
   <div class='ocr_carea' id='block_1_8' title="bbox 1619 811 1684 866">
    <p class='ocr_par' dir='ltr' id='par_1_14' title="bbox 1619 811 1684 866">
     <span class='ocr_line' id='line_1_45' title="bbox 1619 811 1684 866; baseline 0.031 -3"><span class='ocrx_word' id='word_1_361' title='bbox 1619 811 1684 866; x_wconf 67' lang='lat'>4¹49</span> 
     </span>
    </p>
   </div>
   <div class='ocr_carea' id='block_1_9' title="bbox 1622 1024 1686 1078">
    <p class='ocr_par' dir='ltr' id='par_1_15' title="bbox 1622 1024 1686 1078">
     <span class='ocr_line' id='line_1_46' title="bbox 1622 1024 1686 1078; baseline -0.016 -8"><span class='ocrx_word' id='word_1_362' title='bbox 1622 1024 1686 1078; x_wconf 63' lang='lat'>453</span> 
     </span>
    </p>
   </div>
   <div class='ocr_carea' id='block_1_10' title="bbox 1626 1467 1690 1507">
    <p class='ocr_par' dir='ltr' id='par_1_16' title="bbox 1626 1467 1690 1507">
     <span class='ocr_line' id='line_1_47' title="bbox 1626 1467 1690 1507; baseline -0.016 -8"><span class='ocrx_word' id='word_1_363' title='bbox 1626 1467 1690 1507; x_wconf 77' lang='lat'>455</span> 
     </span>
    </p>
   </div>
   <div class='ocr_carea' id='block_1_11' title="bbox 1629 1683 1693 1727">
    <p class='ocr_par' dir='ltr' id='par_1_17' title="bbox 1629 1683 1693 1727">
     <span class='ocr_line' id='line_1_48' title="bbox 1629 1683 1693 1727; baseline 0 -5"><span class='ocrx_word' id='word_1_364' title='bbox 1629 1683 1693 1727; x_wconf 75' lang='grc'>459</span> 
     </span>
    </p>
   </div>
   <div class='ocr_carea' id='block_1_12' title="bbox 1632 1892 1693 1939">
    <p class='ocr_par' dir='ltr' id='par_1_18' title="bbox 1632 1892 1693 1939">
     <span class='ocr_line' id='line_1_49' title="bbox 1632 1892 1693 1939; baseline 0 -9"><span class='ocrx_word' id='word_1_365' title='bbox 1632 1892 1693 1939; x_wconf 59' lang='lat'>462</span> 
     </span>
    </p>
   </div>
   <div class='ocr_carea' id='block_1_13' title="bbox 1632 2169 1695 2208">
    <p class='ocr_par' dir='ltr' id='par_1_19' title="bbox 1632 2169 1695 2208">
     <span class='ocr_line' id='line_1_50' title="bbox 1632 2169 1695 2208; baseline 0.016 -8"><span class='ocrx_word' id='word_1_366' title='bbox 1632 2169 1695 2208; x_wconf 79' lang='lat'>465</span> 
     </span>
    </p>
   </div>
   <div class='ocr_carea' id='block_1_14' title="bbox 1631 2386 1696 2426">
    <p class='ocr_par' dir='ltr' id='par_1_20' title="bbox 1631 2386 1696 2426">
     <span class='ocr_line' id='line_1_51' title="bbox 1631 2386 1696 2426; baseline 0 -7"><span class='ocrx_word' id='word_1_367' title='bbox 1631 2386 1696 2426; x_wconf 77' lang='lat'>468</span> 
     </span>
    </p>
   </div>
   <div class='ocr_carea' id='block_1_15' title="bbox 1721 0 1742 461">
    <p class='ocr_par' dir='ltr' id='par_1_21' title="bbox 1721 0 1742 461">
     <span class='ocr_line' id='line_1_52' title="bbox 1721 0 1742 461; baseline 0 2772"><span class='ocrx_word' id='word_1_368' title='bbox 1721 0 1742 461; x_wconf 95' lang='lat' dir='ltr'> </span> 
     </span>
    </p>
   </div>
  </div>
 </body>
</html>
