1742 3233
425 267 476 295 DE
509 266 720 297 mnamso.
760 267 879 296 mmm
913 266 1028 296 rxrs.
1328 256 1409 313 293

51 360 177 389 causa
210 344 372 387 mortis.
407 345 595 403 Intellige
628 345 723 402 quia
756 361 841 387 non
871 345 999 388 homo
1030 344 1131 387 fecit
1155 345 1308 395 vitam,
1339 350 1412 389 sed

49 418 115 458 vel
142 416 374 474 operandO,
401 417 466 458 vel
495 414 770 458 custodiendo
801 417 998 457 mandata
1027 415 1104 457 Dei
1135 415 1272 472 potuit
1298 415 1409 459 inve·

51 485 152 528 nire.
198 503 213 523 «
241 485 342 527 Erat
370 493 510 527 autem
545 485 648 534 vita,
678 485 786 527 sicut
811 485 1035 542 Apostolus
1068 486 1198 534 dixit,
1228 485 1408 527 abscon-

50 556 163 597 »dita
187 569 284 596 cum
310 554 474 597 Christo
496 555 538 596 in
565 555 652 597 Deo
675 554 704 596 ².
727 573 742 594 »
780 556 916 597 Homo
941 571 1039 612 ergo
1070 555 1154 597 sive
1187 555 1228 597 in
1257 557 1407 598 umbra

49 625 144 666 vitae
167 633 255 667 erat
269 632 442 682 propter
458 624 586 666 vitam
609 625 791 666 futuram
807 658 816 673 ,
843 625 937 681 qnia
960 626 1110 667 umbra
1133 633 1195 666 cst
1211 625 1300 667 haec
1320 641 1410 682 quae

53 709 170 736 nunc
193 702 334 736 nostra
358 702 419 736 est
441 695 521 736 vita
539 693 579 735 in
597 703 730 743 terra3
756 695 839 737 sive
862 695 904 736 in
921 696 1103 752 quodam
1123 695 1297 753 pignore
1317 697 1410 738 viia>

49 773 163 813 erat,
195 765 290 821 quia
316 765 499 806 habebat
520 765 846 806 insufflationem
866 765 954 807 Dei.
982 765 1174 807 Habebat
1191 781 1289 823 ergo
1312 767 1380 823 pig
1404 794 1407 797 ι

49 851 126 877 nus
150 836 470 878 immortalitatis
497 851 505 877 :
533 837 605 877 sed
630 837 672 877 in
703 837 852 878 umbra
886 837 979 879 vitae
999 837 1160 894 positus
1186 838 1409 879 abscondi—

52 914 137 948 tam
159 906 287 948 vit-am
314 921 412 947 cum
438 906 602 948 Christo
635 906 676 946 in
706 906 794 947 Deo
824 907 983 963 vulgari
1016 909 1199 963 quodam
1235 915 1349 948 tactu
1369 916 1411 949 et

51 984 224 1033 aspectu
248 976 388 1018 videre
410 984 452 1018 et
473 991 622 1033 capere
649 991 733 1017 non
756 984 931 1033 poterat.
960 976 1011 1017 Et
1033 977 1065 1017 si
1088 977 1279 1018 nondum
1303 992 1407 1033 pcc-

50 1055 181 1094 cator,
214 1061 297 1087 non
319 1054 459 1087 tamen
485 1046 753 1102 incorruptae,
779 1045 1115 1101 inviolabilisque
1139 1053 1322 1093 naturae;
1349 1054 1411 1086 ut-

48 1123 145 1173 pote
167 1116 236 1172 qui
259 1124 401 1172 postea
423 1123 596 1172 peccato
620 1117 770 1172 lapsus
792 1123 870 1163 est,
888 1130 1156 1171 nequaquam
1180 1124 1320 1157 autem
1342 1117 1411 1157 ad-

49 1186 132 1227 huc
149 1193 360 1243 peccator.
380 1185 570 1242 Denique
589 1185 631 1226 in
648 1186 797 1226 umbra
816 1185 908 1227 vitae
925 1193 1014 1227 erat
1033 1200 1042 1226 :
1065 1185 1134 1241 qui
1154 1194 1294 1227 autem
1312 1201 1408 1243 pec-

50 1263 211 1297 catores
245 1264 364 1305 sunt,
400 1255 442 1296 in
471 1255 624 1297 umbra
654 1255 800 1297 mortis
838 1264 946 1297 sunt.
985 1256 1261 1298 Peccatorum
1292 1257 1406 1298 enim

49 1326 244 1383 populus,
264 1325 370 1367 sicut
390 1325 530 1367 Esaias
554 1327 693 1373 docet,
717 1326 889 1367 sedebat
909 1326 952 1367 in
977 1326 1129 1367 umbra
1145 1326 1310 1374 mortis,
1336 1327 1405 1367 cui

49 1396 120 1436 lux
136 1404 226 1437 orta
253 1410 328 1453 per
347 1395 424 1437 Dei
447 1396 623 1453 gratiam
641 1394 674 1444 ²,
700 1410 784 1436 non
807 1411 882 1452 per
908 1411 991 1437 suae
1013 1396 1176 1438 virtutis
1199 1404 1261 1437 est
1281 1397 1408 1437 meri—

45 1472 148 1507 tum.
182 1466 292 1522 Ergo
321 1465 429 1507 inter
458 1465 784 1507 insufflationem
813 1465 916 1513 Dei,
946 1473 987 1507 et
1022 1480 1162 1506 escam
1185 1465 1288 1522 ligni
1315 1466 1409 1507 vita>

46 1536 158 1576 nulla
183 1533 392 1576 discretio.
421 1534 508 1577 Nee
531 1534 746 1576 hominem
772 1534 863 1590 quis
886 1542 1023 1591 potest
1051 1534 1190 1576 dicere
1213 1536 1307 1592 plus
1328 1534 1407 1575 sibi

45 1619 165 1662 posse
199 1603 441 1660 acquirere,
474 1619 600 1660 quam
637 1603 775 1645 divina
796 1603 835 1644 ei
870 1604 1062 1660 largitate
1091 1605 1292 1645 collatum
1327 1613 1400 1646 est.

48 1675 215 1717 Utinam
247 1682 470 1732 acceptum
501 1682 644 1716 tenere
667 1688 897 1731 possemus.
925 1674 1063 1715 Labor
1085 1674 1242 1715 etenim
1266 1682 1410 1715 noster

18 1780 21 1783 .
47 1759 96 1786 eo
119 1742 303 1801 proficit,
327 1752 375 1786 ut
395 1759 486 1800 quae
507 1743 666 1785 tributa
690 1752 787 1785 sunt
802 1776 812 1792 ,
838 1758 1115 1785 resumamus.
1143 1743 1333 1784 Tertium
1360 1743 1411 1784 il-

47 1815 121 1856 lud
143 1815 256 1870 quod
270 1814 538 1872 propositum
557 1821 634 1862 est,
649 1813 746 1870 quia
769 1814 1031 1870 quimortem
1054 1828 1138 1873 non
1155 1822 1408 1870 gustaverat,

48 1891 229 1925 mortem
254 1883 402 1925 timere
427 1898 511 1925 non
538 1892 726 1940 poterat,
753 1883 873 1925 facile
899 1899 949 1925 ex
980 1883 1218 1925 communis
1243 1891 1408 1924 natura:

49 1970 127 1995 usu
150 1954 455 1995 absolutionem
470 1954 610 1995 habet.
633 1954 707 1996 Est
723 1954 836 1995 enim
853 1962 1001 1995 natura
1020 1955 1191 1996 insitum
1211 1954 1410 1995 omnibus

51 2023 357 2073 animantibus,
386 2032 433 2065 ut
456 2024 582 2065 etiam
614 2039 706 2081 quae
729 2026 918 2067 nondum
951 2024 1028 2066 sibi
1060 2039 1214 2066 nocere
1239 2033 1409 2081 experta

52 2103 171 2143 sunt,
204 2094 321 2150 quasi
360 2094 483 2136 noxia
509 2094 795 2137 reformident.
834 2096 953 2137 Unde
982 2095 1094 2136 enim
1129 2096 1338 2136 columbae
1370 2095 1412 2135 in

51 2163 140 2221 ipso
158 2165 220 2206 sui
236 2172 333 2206 ortu
354 2164 429 2206 visi
450 2172 582 2206 terror
603 2164 841 2222 accipitris?
865 2166 982 2206 Unde
999 2165 1086 2221 lupi
1107 2164 1254 2205 ovibus
1271 2164 1413 2205 formi-

54 2235 226 2284 (labiles,
246 2235 369 2293 pullis
391 2234 533 2277 milvi?
552 2235 677 2287 Quod
694 2235 726 2277 si
744 2236 786 2276 in
805 2235 868 2283 iis,
887 2250 978 2291 quae
1002 2235 1302 2277 irrationabilia
1319 2243 1417 2278 sunt

56 2305 281 2347 animantia
296 2338 307 2355 ,
333 2305 504 2362 quidam
534 2307 585 2347 de
608 2307 779 2347 adverso
803 2320 955 2363 genere
979 2304 1254 2346 animantium
1288 2312 1414 2345 natu-v

55 2375 150 2416 ralis
183 2383 244 2417 est
273 2383 431 2424 terror,
461 2384 508 2417 ut
529 2375 657 2417 etiam
683 2373 982 2416 irrationabilia
1011 2388 1179 2415 sensum
1203 2373 1414 2430 sugiendae

56 2445 202 2488 mortis
224 2446 431 2504 accipiant
452 2461 460 2487 :
483 2453 638 2503 quanto
669 2445 800 2504 magis
822 2445 864 2487 in
887 2444 1023 2503 primo
1049 2443 1220 2487 homine
1242 2444 1414 2487 rationis

107 2591 114 2604 ¹
137 2581 242 2615 Colos.
262 2592 312 2622 ιιι,
330 2582 359 2615 3.
376 2599 415 2607 —
437 2589 447 2605 ²
464 2582 539 2616 lsai.
559 2592 604 2623 1x,
622 2594 651 2615 2.
