1747 3260
328 306 344 332 1
353 290 407 332 06
864 309 897 336 s.
936 309 1129 338 amnem

322 397 376 424 an
401 381 461 424 vis
482 384 612 424 odora
636 383 845 444 delectet?
872 384 1107 427 Pascuntur
1126 386 1239 427 oculi
1271 395 1388 444 grato
1416 391 1675 446 spectaculo,

320 453 441 508 longe
464 453 629 509 lateque
651 454 756 494 odor
780 455 1003 511 spargitur,
1028 455 1150 511 cujus
1173 457 1374 499 suavitate
1395 460 1671 516 complemur.

322 523 443 563 Unde
466 522 603 564 divine
623 523 830 566 Dominus
855 525 911 566 ait
936 541 946 566 :
964 526 1041 568 «Et
1060 526 1219 583 species
1243 527 1329 585 agri
1351 543 1519 570 mecum
1539 529 1669 577 est¹32=

321 606 421 633 cum
446 593 630 650 ipsae&
656 594 768 635 enim
791 609 918 650 quam
943 595 1033 652 ipse
1062 596 1272 638 formavit.
1304 597 1411 648 Quis
1432 598 1545 639 enim
1577 598 1681 640 alius

324 663 468 704 artifex
490 664 619 720 possit
638 672 803 706 tantum
822 681 963 707 rerum
985 666 1243 724 singularum
1271 668 1504 724 exprimere
1528 683 1682 710 venus-

323 733 480 774 tatem?
501 752 516 770 «
535 733 809 776 Considerate
841 736 925 777 lilia
958 736 1088 793 agri²‚
1107 755 1125 776 >›
1150 745 1329 792 quantus
1367 738 1420 779 sit
1447 740 1606 780 candor
1639 738 1681 781 in

324 802 448 850 soliis,
468 804 828 858 quemadmodum
847 805 998 861 stipata
1016 806 1101 862 ipsa
1118 805 1215 847 folia
1232 807 1282 847 ab
1301 806 1384 847 imo
1402 808 1452 848 ad
1469 822 1684 849 summum

324 873 545 914 videantur
567 888 800 931 assurgere,
823 882 871 915 ut
892 875 1040 932 scyphi
1061 868 1296 932 exprimant
1312 876 1488 917 sormam
1501 909 1511 925 ,
1530 885 1578 918 ut
1595 877 1684 919 auri
1742 899 1746 926 ρ

326 944 518 998 quaedam
540 943 700 999 species
725 944 836 984 intus
867 943 1064 1001 effulgeat
1080 977 1090 993 ,
1125 960 1216 1001 quae
1245 953 1385 986 tamen
1406 947 1514 987 vallo
1541 945 1583 986 in
1610 945 1687 986 cir-

327 1012 446 1054 cuitu
468 1011 580 1053 floris
603 1013 774 1070 obsepta
797 1014 900 1055 nulli
923 1022 1061 1072 pateat
1083 1014 1257 1071 injuriae.
1287 1014 1330 1056 Si
1351 1016 1443 1071 quis
1466 1015 1580 1056 hunc
1606 1015 1687 1057 sso-
1740 1037 1745 1071 ᾗ,

327 1097 418 1123 rem
435 1083 649 1139 decerpat,
677 1091 718 1124 et
741 1099 812 1125 sua
838 1085 968 1126 solvat
995 1084 1034 1125 in
1058 1083 1170 1132 solia,
1195 1099 1287 1139 quae
1311 1084 1410 1125 tanti
1432 1092 1496 1126 est
1516 1083 1686 1127 artificis
1740 1100 1747 1140 g

330 1166 480 1192 mamis
507 1167 598 1208 quae
634 1153 763 1209 possit
801 1154 875 1195 lilii
905 1154 1087 1210 speciem
1119 1153 1375 1195 reformare?
1408 1154 1515 1206 Quis
1545 1163 1687 1198 tantus

329 1219 513 1261 imitator
534 1230 716 1271 naturae,
746 1231 792 1264 ut
813 1223 961 1264 florem
982 1223 1097 1265 hunc
1120 1224 1404 1281 redintegrare
1433 1232 1659 1281 praesumat
1673 1257 1684 1275 ‚

332 1291 399 1331 cui
422 1291 626 1333 Dominus
648 1300 812 1334 tantum
836 1293 1120 1335 testimonium
1142 1294 1261 1342 tulit,
1285 1302 1332 1335 ut
1354 1293 1513 1336 diceret
1536 1309 1544 1335 :
1564 1312 1579 1333 (ι
1602 1295 1688 1336 Nec

332 1361 561 1402 »Salomon
589 1362 630 1403 in
654 1363 769 1404 omni
795 1363 926 1419 gloria
949 1379 1022 1405 sua
1045 1364 1103 1405 sic
1120 1363 1402 1411 vestiebatur,
1426 1364 1535 1405 sicut
1558 1379 1690 1406 unum

333 1448 348 1470 »
363 1446 414 1472 ex
436 1431 522 1472 istis
536 1430 578 1472 ΞΣ)
600 1450 615 1470 »
629 1432 716 1474 Rex
736 1433 1077 1490 opulentissimus
1100 1441 1142 1474 et
1168 1433 1495 1491 sapientissimus
1520 1433 1692 1476 inferior

331 1499 559 1555 judicatur,
580 1517 704 1557 quam
729 1502 856 1559 hujus
876 1503 991 1544 floris
1015 1503 1300 1561 pluehritudo.

391 1571 611 1614 XXXVII.
652 1573 767 1624 Quid
787 1588 1031 1615 enumerem
1055 1589 1203 1615 succos
1222 1574 1451 1615 herbarum
1477 1573 1693 1614 salubres?

336 1640 439 1695 quid
457 1641 735 1698 virgultorum
765 1658 811 1685 ac
840 1643 1036 1685 soliorum
1062 1643 1276 1686 remedia?
1300 1644 1457 1686 Cervus
1486 1658 1596 1700 aeger
1621 1658 1692 1689 ra÷

339 1711 555 1752 musculos
575 1713 676 1753 oleae
699 1713 877 1762 mandit,
901 1722 942 1755 et
965 1729 1088 1755 sanus
1107 1713 1166 1756 fit.
1187 1714 1386 1756 Locustas
1407 1727 1576 1769 quoque
1597 1712 1694 1754 solia

339 1781 438 1821 oleae
466 1796 606 1822 arrosa
630 1782 809 1825 liberant
837 1784 888 1825 ab
910 1785 1169 1842 aegritudine.
1205 1783 1316 1826 Rubi
1338 1780 1435 1824 folia
1455 1781 1694 1840 superjacta
1713 1803 1716 1808 ·

340 1850 544 1907 serpenti,
571 1851 818 1896 interimunt
844 1869 955 1897 eum.
985 1854 1150 1896 Culices
1182 1869 1269 1895 non
1300 1861 1470 1911 tangent
1492 1860 1533 1894 te
1556 1852 1590 1894 si
1619 1851 1694 1894 ab·

340 1920 482 1962 sinthii
505 1921 678 1964 herbam
701 1938 800 1966 cum
821 1926 913 1966 oleo
930 1940 1103 1981 coquas,
1122 1933 1164 1967 et
1179 1940 1229 1967 eo
1249 1932 1291 1966 te
1311 1923 1568 1982 perunxeris.

386 2041 397 2056 ¹
419 2033 501 2066 Psal.
523 2046 608 2076 tux,
631 2046 678 2068 ιι.
700 2055 738 2061 -
758 2046 770 2061 ²
790 2037 911 2070 Mauh.
928 2048 976 2076 vi,
995 2037 1047 2071 28.
1063 2056 1101 2062 -—
1120 2039 1132 2062 3
1152 2037 1238 2070 Ibid.
1259 2048 1310 2080 29.
