1742 3233
316 240 402 283 606
862 253 892 280 s.
933 253 1122 281 AMBROSH

376 331 508 376 LXX.
545 331 664 377 Haec,
685 343 776 385 quae
795 328 1058 386 simplicibus
1080 328 1218 370 verbis
1234 341 1350 370 sacra
1367 326 1581 384 Scriptura
1601 342 1666 368 ex-

316 402 485 460 primit,
509 415 661 458 magno
685 401 866 456 quodam
887 399 1096 442 cothurno
1118 397 1362 441 Aristoteles
1388 405 1430 439 et
1453 397 1666 454 Peripate<

317 473 389 515 tici
430 479 672 529 personant,
714 479 837 526 atque
877 471 1093 511 extollunt.
1134 468 1461 526 Pythagoricum
1501 483 1668 524 quoque

317 543 468 599 dogma
499 556 588 582 esse
617 538 892 582 testificantur
922 538 1023 580 sui¹.
1061 537 1145 579 Sed
1176 538 1267 594 quis
1298 538 1466 580 illorum
1492 537 1669 594 aequavit

317 610 530 653 Abraham
547 608 764 665 tempore?
777 608 881 658 Quis
896 607 1144 649 auctoritate
1156 615 1198 648 et
1214 607 1411 664 sapientia
1420 607 1665 654 Dominum,

317 680 438 737 cujus
465 680 636 722 oraculo
666 678 879 720 Abraham
903 677 1077 734 triplicis
1098 676 1225 732 hujus
1251 678 1391 734 gratia:
1422 692 1574 718 munus
1598 691 1671 733 ag-

317 749 488 792 noscit?
885 748 892 754 ’

373 818 528 861 LXXI.
563 817 726 860 Dantur
749 824 888 858 autem
912 815 949 856 ei
974 823 1169 871 tanquam
1192 816 1234 857 in
1252 816 1515 873 disciplinam
1533 815 1671 858 alieni-

317 903 432 944 genae
461 887 650 945 nationes
663 903 673 935 3
699 894 746 928 ut
766 901 884 927 mens
906 885 1401 947 aequibobservantissima
1425 887 1587 928 recidat
1608 885 1671 928 vi-

319 959 373 1000 tia
386 990 397 1007 ‚
423 959 620 999 emendet
639 964 785 999 errata.
817 955 944 1013 Magis
967 964 1106 997 tamen
1124 956 1293 998 evidens
1310 956 1510 998 Ecclesiae
1531 956 1675 998 decla-

316 1037 433 1070 ratur
453 1027 722 1085 mysterium,
747 1026 843 1082 quia
860 1040 934 1083 per
955 1025 1178 1082 Apostolos
1195 1026 1286 1082 ejus
1301 1059 1311 1076 ,
1335 1027 1407 1082 qui
1424 1033 1521 1068 sunt
1540 1025 1674 1067 Israe-

318 1099 424 1148 litae,
448 1113 628 1156 quorum
644 1106 803 1155 patreS,
829 1105 870 1138 et
902 1112 952 1138 ex
984 1097 1137 1152 quibus
1157 1098 1347 1155 patribus
1373 1096 1563 1139 Christus
1608 1113 1673 1138 se-

322 1171 507 1211 cundum
530 1183 701 1210 carnem
725 1168 800 1209 suh
822 1168 913 1224 lege
934 1167 1068 1209 sactus
1085 1176 1166 1216 est,
1185 1159 1671 1226 congreganda-Ecclesia

320 1238 444 1287 foret,
463 1237 684 1280 credituris
702 1236 865 1293 populis
883 1236 1114 1278 nationum.
1140 1238 1256 1289 Quos
1272 1254 1356 1280 non
1370 1239 1502 1280 otiose
1524 1239 1670 1279 decem

319 1322 495 1350 numero
517 1304 787 1363 significavit,
813 1305 886 1346 sed
906 1313 953 1346 ut
977 1308 1218 1349 ostenderet
1239 1309 1354 1363 quod
1375 1307 1432 1350 illi
1456 1315 1550 1348 ante
1573 1322 1672 1364 per-

318 1377 416 1426 fidi,
443 1376 517 1418 ubi
554 1389 794 1417 mensuram
825 1373 989 1431 pietatis
1021 1374 1286 1433 implessent,
1313 1376 1503 1435 profecto
1534 1384 1670 1418 essent

318 1446 415 1489 fidei
439 1445 629 1503 adepturi
652 1459 864 1486 coronam.

323 1549 340 1561 „
369 1515 543 1558 LXXII.
578 1514 769 1570 Denique
799 1514 986 1570 sequitur
1006 1514 1099 1571 quia
1126 1514 1228 1556 Sara
1249 1530 1355 1557 uxor
1382 1516 1562 1558 Abrahae
1593 1524 1670 1558 ste-

314 1586 399 1628 rilis
428 1583 584 1628 suerat²
608 1600 616 1626 :
641 1592 730 1626 erat
756 1592 895 1625 autem
931 1584 970 1626 ei
1003 1584 1151 1627 ancilla
1190 1586 1383 1643 AEgyptia
1415 1586 1484 1627 cui
1516 1601 1668 1628 nomen

316 1656 425 1714 Agar
438 1652 454 1705 ‚'
480 1655 594 1712 quod
628 1656 680 1696 ad
715 1654 946 1696 Ecclesiam
981 1655 1191 1711 pertinere
1224 1656 1266 1696 in
1302 1671 1351 1698 ea
1381 1656 1666 1713 expositione,

316 1742 442 1783 quam
489 1728 541 1769 de
586 1725 814 1767 moralibus
861 1725 1103 1782 scripsimus
1119 1757 1129 1772 ‚
1169 1725 1405 1781 apostolicis
1446 1726 1667 1767 docuimus

315 1797 526 1854 exemplis.
567 1795 754 1838 Ecclesia
785 1794 899 1836 enim
934 1794 1083 1836 sterilis
1115 1794 1280 1836 videtur
1309 1795 1352 1836 in
1387 1795 1469 1837 hoc
1491 1797 1664 1844 saeculo;

314 1869 410 1926 quia
442 1883 528 1910 non
555 1866 767 1909 saecularia
790 1865 989 1923 parturit,
1018 1880 1096 1907 nec
1122 1866 1368 1921 praesentia,
1402 1868 1475 1908 sed
1498 1866 1636 1908 sutura
1652 1899 1663 1915 ‚

313 1939 394 1981 hoc
429 1946 514 1987 est,
531 1953 631 1980 *non
656 1951 725 1985 ea,
751 1951 842 1992 quae
864 1935 1072 1977 videntur.
1110 1935 1245 1991 Hujus
1275 1936 1423 1978 ancilla
1447 1944 1510 1978 est
1531 1936 1666 1993 Syna-

313 2024 438 2066 goga,
460 2009 526 2050 vel
552 2022 696 2049 omnes
713 2007 889 2048 haereses
906 2037 917 2053 ‚
943 2021 1033 2061 quae
1056 2021 1216 2054 servos,
1239 2021 1323 2048 non
1346 2006 1501 2049 liberos
1532 2015 1658 2049 creat.

313 2079 498 2135 Ideoque
527 2078 638 2135 Agar
661 2076 814 2118 dicitur
839 2075 1054 2117 habitatio.
1082 2075 1248 2117 Etenim
1279 2076 1520 2134 temporalis
1546 2091 1663 2133 spem

314 2148 450 2197 fovet,
469 2163 553 2191 non
573 2153 785 2205 perpetuae
806 2145 1076 2202 possessionis
1098 2146 1274 2203 gratiam
1295 2154 1421 2189 tenet.
1449 2147 1594 2203 Itaque
1615 2154 1663 2188 ut

312 2234 398 2264 non
414 2217 596 2261 insolens
616 2225 740 2273 partu
761 2230 963 2271 corporeo
981 2214 1053 2257 fiat
1073 2216 1222 2258 ancilla
1239 2216 1353 2273 ejus,
1376 2225 1418 2260 et
1433 2217 1500 2275 jus
1519 2217 1663 2259 Eccle-

312 2290 382 2335 siae
417 2289 495 2331 sihi
527 2287 733 2336 vindicet,
771 2285 924 2328 dicitur
959 2286 1016 2327 ibi
1040 2284 1215 2342 :anice
1237 2289 1430 2329 ancillam
1458 2294 1501 2328 et
1527 2286 1660 2328 filium

312 2361 455 2417 »ejus3
484 2374 571 2404 non
600 2358 713 2401 enim
735 2357 867 2399 haeres
895 2355 974 2398 erit
997 2353 1106 2398 filius
1140 2355 1298 2399 ancillae
1327 2371 1426 2405 cum
1452 2354 1538 2400 filio
1563 2371 1659 2399 meo

309 2429 490 2473 »Isaac³.
512 2448 528 2469 n
703 2433 705 2435 ’

365 2499 558 2546 LXXIII.
597 2498 682 2542 Sed
709 2498 836 2541 etiam
865 2498 908 2541 in
929 2496 1099 2555 singulis
1122 2496 1222 2540 Sara
1251 2506 1336 2548 est,
1360 2505 1402 2540 et
1422 2497 1465 2540 in
1486 2496 1657 2556 singulis

353 2600 364 2617 ¹
384 2593 482 2628 Arist.
497 2592 558 2629 lib.
573 2603 601 2634 1,
616 2590 724 2627 Eune.
739 2601 770 2626 c.
786 2600 860 2627 vm.
877 2607 917 2618 —
933 2599 949 2622 3
967 2589 1053 2625 Gen·
1071 2597 1162 2631 xxvi,
1179 2599 1192 2622 ι
1205 2607 1258 2622 .-
1273 2590 1290 2617 ³
1305 2589 1358 2625 ld.
1374 2598 1454 2630 ¹¹¹5
1474 2599 1523 2624 ιο.
