1742 3233
303 367 384 421 292⁴
845 372 875 401 s.
914 361 1101 402 Atmrzostt'

301 450 516 512 loquitur„
530 442 638 495 sicut
664 449 799 507 habes¹
818 467 826 494 ε
843 468 859 491 «
880 450 989 494 Audi
1011 449 1139 493 Isra'el
1153 442 1379 498 ,Dominus
1399 443 1512 493 Deus
1531 458 1649 498 tuus,

301 545 316 565 »
328 526 441 567 Deus
454 539 561 565 unus
579 531 664 565 est:
681 542 696 562 »
710 531 774 571 et,
792 521 968 579 «Diliges
981 521 1199 563 dominum
1209 519 1345 562 Deum
1358 527 1478 562 tuum
1489 519 1520 562 ¹.
1536 538 1552 559 »
1566 520 1653 563 Nec

299 594 404 636 mihi
441 594 688 651 praejudicat
725 592 967 649 Symmachi
1001 590 1287 648 interpretatio
1307 623 1318 640 ,
1351 591 1423 647 qui
1448 590 1654 631 unitatem

298 664 430 706 Patris
447 673 489 705 et
507 663 603 705 Filii
624 662 765 703 videre
781 676 866 702 non
883 661 1018 718 potuit
1036 677 1046 709 ;
1068 659 1143 702 etsi
1162 659 1381 716 aliquoties
1399 659 1441 700 in
1463 673 1655 701 sermone

300 742 342 775 et
369 732 518 788 Aquila
540 739 582 772 et
605 731 691 786 ipse
721 729 898 771 confessi
921 730 1015 771 sint.
1049 730 1135 772 Nec
1158 730 1378 786 quisquam
1402 730 1453 770 de
1475 743 1524 770 eo
1542 729 1657 785 quod

300 801 672 860 praevaricaturum
693 800 897 855 populum
920 799 1057 840 divina
1081 801 1276 852 mandata
1312 799 1575 856 singulariter
1597 799 1658 839 al-

301 872 511 927 loquitur,
548 877 667 927 putet
694 868 898 925 superiori
934 877 1078 910 nostro
1115 869 1286 910 obvium
1323 883 1412 910 esse
1445 867 1628 910 sermoni
1645 883 1655 914 ;

303 942 399 997 quia
416 940 596 997 populus
618 938 642 979 J
646 940 863 979 udaeorum
881 939 1005 979 etiam
1023 939 1289 995 singulariter
1307 940 1400 980 data
1417 938 1659 996 praescripta

302 1011 481 1053 violavit.
519 1010 604 1052 Lex
626 1009 739 1049 enim
762 1008 985 1065 spiritualis
1009 1017 1070 1051 est
1095 1024 1104 1050 ε
1130 1017 1170 1050 et
1199 1009 1292 1050 ideo
1316 1011 1493 1051 alterum
1514 1009 1556 1049 in
1580 1023 1660 1049 ser-

302 1096 453 1129 mone,
482 1081 659 1121 alterum
681 1078 722 1119 in
746 1078 1129 1135 praedestinatione,
1159 1079 1298 1120 divino
1325 1080 1528 1136 populum
1548 1078 1660 1122 Deus

303 1151 595 1207 alloquebatur
631 1149 816 1190 oraculo.
852 1148 1043 1204 Denique
1069 1149 1125 1190 ait
1145 1163 1153 1189 ε
1172 1166 1186 1187 «
1210 1149 1301 1192 Non
1325 1163 1480 1205 coques
1507 1163 1660 1206 agnum

305 1242 319 1261 »
335 1222 377 1263 in
398 1223 505 1262 lacte
528 1219 673 1261 matris
696 1217 825 1275 suae72.
851 1235 868 1257 J>

363 1290 559 1333 XXVIII.
591 1288 742 1331 Facilis
764 1287 917 1329 abhinc
939 1296 1246 1344 praeceptorum
1271 1288 1504 1329 coelestium
1534 1288 1660 1329 series

303 1363 516 1404 videretur
529 1377 539 1409 3
565 1359 641 1401 nisi
660 1357 931 1414 quaestionem
952 1357 1122 1414 plurimi
1145 1366 1483 1407 commoverent,
1509 1358 1660 1414 quibus

306 1430 549 1489 responderi
565 1436 731 1486 oportet
748 1444 767 1469 a
792 1427 938 1475 nobis3
964 1442 1017 1468 ne
1041 1427 1250 1484 simplices
1272 1436 1434 1470 mentes
1454 1427 1660 1470 malitiosa

306 1501 652 1559 interpretatione
674 1500 909 1540 traducant.
947 1497 1140 1553 Plerique
1163 1497 1292 1546 enim,
1318 1513 1497 1554 quorum
1518 1506 1664 1540 auctor

308 1574 496 1630 Apelles,
523 1571 630 1612 sicut
654 1569 784 1610 habes
808 1568 849 1609 in
866 1567 1079 1624 trigesimo
1098 1576 1138 1609 et
1155 1576 1302 1610 octavo
1324 1576 1440 1610 tomo
1462 1567 1570 1624 eJUS,
1588 1567 1662 1609 has

308 1642 556 1699 quaestiones
583 1645 853 1696 proponunt:
877 1637 1101 1687 Quomodo
1132 1637 1292 1693 lignum
1325 1637 1416 1678 vitre
1442 1639 1535 1694 plus
1569 1653 1663 1695 ope-

308 1712 391 1753 rari
411 1711 576 1752 videtur
593 1710 644 1760 ad
668 1708 810 1755 vitam,
832 1720 956 1762 quam
980 1705 1202 1746 insusslatio
1226 1706 1329 1747 Dei?
1354 1705 1515 1747 Deinde
1537 1706 1570 1747 si
1592 1707 1663 1747 ho-

310 1782 469 1823 minem
486 1795 569 1821 non
591 1777 828 1835 perfectum
852 1775 949 1816 fecit
967 1775 1100 1823 Deus3
1125 1775 1411 1831 unusquisque
1430 1784 1569 1817 autom
1591 1790 1665 1832 per

312 1850 559 1893 industriam
589 1847 802 1905 propriam
834 1845 1136 1902 perfectionem
1166 1845 1243 1886 sibi
1268 1845 1433 1887 virtutis
1463 1845 1660 1888 asciscit:

313 1937 453 1964 nonne
482 1920 648 1961 videtur
673 1918 767 1974 plus
800 1916 878 1958 sibi
906 1916 1033 1957 hoino
1071 1915 1287 1972 acquirere
1305 1948 1315 1964 ,
1345 1931 1470 1972 quam
1491 1916 1528 1957 ei
1553 1916 1664 1959 Deus

315 1990 524 2034 eontulit?
555 1988 744 2030 Tertium
775 1985 981 2041 objiciunt
1002 1985 1081 2026 :Et
1109 1985 1141 2025 si
1172 1985 1300 2027 homo
1328 2002 1411 2027 non
1439 1995 1676 2044 gustaverat
1729 1996 1732 2028 Ξ

316 2069 521 2108 mortem,
545 2059 690 2114 utiquo
718 2071 843 2113 quan]
867 2071 952 2097 non
975 2064 1226 2112 gustaverat,
1252 2057 1359 2098 scire
1383 2072 1467 2098 non
1491 2065 1669 2114 poterat.
1728 2060 1731 2109 Ξ

323 2134 435 2189 Ergo
455 2131 487 2172 si
506 2144 589 2171 non
608 2135 859 2185 gustaverat,
885 2125 1119 2173 nesciebat,-
1144 2126 1174 2167 si
1188 2126 1416 2174 nesciebat,
1434 2126 1581 2168 timere
1593 2142 1676 2167 non
1728 2118 1731 2144 ⁴

316 2208 493 2260 poterat.
522 2199 693 2241 Frustra
724 2197 849 2254 igitur
869 2196 981 2237 Deus
1008 2204 1188 2238 mortem
1210 2211 1286 2254 pro
1311 2205 1479 2238 terrore
1501 2196 1673 2253 objecit,

321 2287 447 2329 quan]
468 2269 658 2312 homines
682 2270 766 2308 non
788 2267 1004 2308 timebant.
1727 2313 1729 2327 ἐ

376 2341 538 2386 XXIX.
558 2339 777 2381 Discamus
801 2337 926 2394 igitur
942 2337 1054 2393 quod
1076 2336 1132 2378 ibi
1155 2336 1315 2393 lignum
1343 2336 1432 2378 vitae
1460 2336 1534 2378 uhi
1551 2336 1675 2377 etiam
1728 2331 1729 2351 ³

321 2416 480 2472 lignum
501 2409 683 2452 scientim
701 2407 800 2449 boni
818 2416 859 2448 et
876 2406 973 2448 mali
993 2406 1239 2464 produxerit
1254 2406 1380 2448 Deus.
1406 2406 1546 2447 Habes
1563 2404 1675 2446 enim
1689 2408 1703 2420 ²
1725 2400 1729 2443 Ῐ

321 2485 417 2540 quia
439 2480 635 2540 produxit
657 2479 815 2536 lignum
834 2477 927 2519 vitre
944 2483 973 2516 ἐν
988 2480 1076 2530 μέσῳ
1097 2483 1160 2516 roffi
1173 2479 1404 2529 παραδείσου,
1423 2475 1506 2516 hoc
1530 2482 1608 2523 est,
1633 2474 1675 2515 in
1725 2496 1727 2537 3

319 2553 461 2600 medio
484 2549 675 2608 paradisi.
696 2548 820 2605 Apud
837 2562 912 2588 nos
929 2545 1040 2587 enim
1063 2551 1092 2584 ἓν
1110 2548 1200 2598 μέσῳ
1219 2545 1477 2602 intelligitur,
1499 2545 1612 2602 quod
1633 2544 1674 2585 in
1724 2555 1727 2567 ·’

324 2623 465 2669 medio
491 2619 746 2677 produxerit.
772 2618 883 2675 Ergo
901 2617 942 2658 in
963 2615 1102 2657 medio
1129 2615 1321 2672 paradiso
1344 2624 1385 2658 et
1407 2615 1488 2658 vita
1506 2623 1610 2663 erat,
1635 2621 1676 2656 et

368 2725 377 2739 ¹
395 2716 492 2747 Dent.
510 2724 553 2749 w,
570 2711 602 2749 4,
622 2711 649 2742 5.
668 2729 707 2734 —-
727 2719 737 2734 ²
755 2708 859 2741 Exod.
877 2718 986 2746 xxxiv,
1005 2706 1056 2739 26.
