1747 3260
263 266 347 292 220
810 267 839 292 S.
880 266 1067 293 AMBROSII

263 340 416 381 Exorto
442 347 579 381 autem
605 341 686 389 die,
707 350 746 382 et
770 342 1024 383 circumfuso
1042 343 1261 398 splendore
1285 342 1380 383 solis
1398 343 1505 384 visus
1523 343 1612 399 ejus

262 410 500 459 hebetatur,
527 411 643 467 quasi
667 412 915 468 quibusdmn
940 421 1049 453 erret
1072 412 1112 452 in
1136 413 1330 454 tenebris.
1348 414 1443 464 Quo
1461 413 1613 455 indicio

265 480 327 520 sui
354 481 535 522 declarat
565 497 652 522 esse
677 481 858 537 aliquos,
893 482 963 538 qui
988 497 1082 523 cum
1109 484 1251 523 oculos
1276 483 1456 524 habeant
1484 485 1534 524 ad
1554 483 1616 524 vi—

264 551 462 598 dendum,
488 551 627 592 videre
651 567 733 593 non
755 554 936 601 soleant,
958 561 998 594 et
1023 553 1131 594 visus
1155 553 1216 594 sui
1239 553 1375 595 officio
1400 555 1498 595 solis
1522 554 1617 594 sun-

267 627 418 676 gantur
440 619 480 659 in
505 621 700 661 tenebris.
734 622 793 662 De
827 623 963 663 cordis
986 623 1118 664 oculis
1140 624 1309 679 loquor,
1337 639 1439 680 quos
1463 624 1619 665 habent

268 689 475 745 sapientes
505 691 678 738 mundi,
707 699 748 731 et
772 706 856 732 non
873 692 1034 740 vident,
1060 693 1100 734 in
1124 694 1216 734 luce
1242 693 1343 734 nibil
1368 702 1560 742 cernunt,
1578 692 1618 733 in

270 759 452 799 tenebris
475 760 715 808 ambulant,
748 762 847 801 dum
870 762 1174 803 daemoniorum
1206 764 1427 804 tenebrosa
1463 763 1621 803 rinnan-

270 836 362 875 tur,
393 836 433 869 et
466 829 559 869 coeli
591 831 668 869 alta
702 845 744 870 se
779 831 919 871 videre
952 833 1155 880 credunt,
1189 832 1472 873 describentes
1505 831 1620 872 radio

271 900 494 947 mundum,
521 914 762 941 mensuram
782 901 886 941 a'e'ris
910 900 1036 958 ipsius
1059 902 1312 958 colligentes.
1335 902 1461 943 Porro
1484 909 1623 943 autem
1660 939 1668 947 ,

271 982 294 1009 a
316 967 399 1008 fide
426 969 531 1009 devii
547 1001 558 1017 ,
579 979 790 1026 perpetuae
820 971 1016 1012 caecitatis
1039 971 1222 1012 tenebris
1245 971 1535 1027 implicantur,
1557 970 1625 1011 ha-

275 1037 420 1079 bentes
443 1038 484 1079 in
501 1040 692 1095 proximo
725 1040 834 1081 dien]
856 1040 1009 1082 Christi
1033 1049 1072 1082 et
1093 1043 1236 1082 lumen
1259 1040 1471 1088 Ecclesiae,
1499 1047 1540 1080 et
1561 1039 1626 1080 ni-

276 1105 335 1147 hil
363 1107 550 1149 xidenles
579 1110 772 1166 aperiunt
802 1125 846 1151 os
877 1110 993 1166 quasi
1027 1110 1203 1152 scientes
1234 1111 1398 1158 omnia,
1433 1110 1543 1151 acuti
1575 1111 1627 1152 ad

274 1191 394 1225 vana,
421 1178 591 1219 hebetes
614 1181 664 1219 ad
692 1188 869 1228 (eterna,
895 1188 934 1221 et
961 1182 1093 1237 longae
1127 1180 1416 1237 disputationis
1439 1179 1629 1221 anfractu

274 1248 497 1304 prodentes
518 1249 689 1291 inscitiae
710 1251 889 1308 propriae
903 1253 1146 1293 caecitatcm.
1168 1253 1312 1307 Itaque
1331 1254 1430 1293 dum
1453 1243 1629 1307 cupiunt

275 1317 497 1359 subtilibus
531 1322 694 1361 evolare
727 1321 1014 1369 sermonibus,
1047 1321 1162 1377 quasi
1194 1318 1358 1363 noc'tuae
1399 1321 1439 1361 in
1470 1320 1633 1362 lumine

279 1396 551 1430 evanuerunt.

340 1456 592 1500 LXXXVII.
630 1458 877 1517 Vesper-tilio
917 1461 1069 1502 animal
1096 1462 1276 1519 ignobile
1305 1478 1324 1504 a
1354 1476 1524 1518 vespere
1555 1476 1633 1502 no-

278 1541 377 1568 men
401 1529 573 1584 accepit.
602 1530 673 1571 Est
697 1539 834 1572 autem
852 1531 1045 1578 volatilis,
1068 1533 1299 1587 eademque
1321 1533 1572 1588 quadrupes,
1593 1539 1635 1572 et

282 1596 477 1639 dentibus
500 1599 650 1648 utitur,
677 1616 779 1656 quos
810 1600 850 1641 in
880 1601 966 1643 aliis
993 1601 1136 1642 avibus
1170 1602 1353 1658 reperire
1378 1617 1461 1643 non
1484 1602 1628 1642 soleas.

281 1665 392 1708 Parit
409 1675 454 1708 ut
477 1670 781 1726 quadrupedia,
807 1686 891 1711 non
915 1686 990 1712 ova
1016 1672 1087 1712 sed
1105 1672 1238 1727 pullos
1262 1671 1455 1713 viventes.
1479 1669 1636 1712 volitat

282 1735 323 1776 iu
349 1742 441 1780 aere
464 1739 601 1780 avium
625 1755 740 1781 more
761 1755 769 1781 :
792 1741 865 1781 sed
889 1742 1138 1797 crepusculo
1149 1741 1396 1802 ¹'vespertino
1420 1740 1636 1782 consuevit

285 1808 459 1850 offundi.
495 1809 651 1852 Volitat
689 1818 826 1852 autem
862 1825 947 1851 non
974 1811 1111 1867 aliquo
1137 1826 1392 1868 pennarum,
1415 1812 1487 1852 sed
1509 1825 1631 1852 mem

283 1879 426 1921 branae
449 1896 531 1922 suae
556 1880 658 1923 fulta
685 1882 858 1939 remigio
878 1914 888 1930 ‚
919 1897 1000 1938 quo
1033 1898 1229 1938 suspensa
1261 1883 1372 1924 velut
1406 1896 1639 1939 pennarum

284 1952 424 1992 volatu
457 1952 753 1993 circumfertur
785 1961 909 2009 atque
939 1961 1166 2009 vegetatur.
1199 1953 1335 1994 Habet
1366 1960 1408 1993 et
1432 1953 1535 1994 iilud
1555 1951 1638 1993 hoc

285 2021 364 2062 vile
382 2021 558 2071 animal,
583 2025 697 2079 quod
714 2022 791 2065 sihi
814 2023 993 2065 invicem
1017 2023 1253 2071 adhaerent,
1273 2031 1314 2064 et
1337 2022 1453 2078 quasi
1482 2022 1524 2063 in
1546 2037 1642 2078 spe-

286 2092 393 2133 ciem
426 2092 642 2150 botryonis
673 2109 724 2136 ex
751 2093 888 2150 aliquo
921 2095 1014 2135 loco
1047 2094 1233 2150 pendent
1259 2108 1268 2134 τ
1295 2108 1342 2134 ac
1365 2092 1397 2134 si
1420 2107 1463 2134 se
1495 2092 1641 2133 ultima

284 2176 461 2218 quaeque
493 2163 710 2211 laxaverit,
746 2178 891 2204 omnes
923 2164 1198 2204 resolvuntur.
1239 2163 1364 2214 Quod
1391 2162 1438 2204 fit
1460 2163 1643 2218 quodam

285 2246 460 2273 munere
478 2232 709 2281 charitatis,
730 2248 821 2290 quae
843 2233 1012 2276 difficile
1034 2233 1075 2274 in
1095 2233 1337 2275 hominibus
1353 2232 1480 2288 hujus
1496 2231 1644 2275 mundi

290 2301 512 2357 reperitur.

345 2370 618 2415 LXXXVIII.
649 2374 723 2416 Est
750 2375 877 2416 etiam
900 2375 995 2432 galli
1017 2383 1165 2417 cantus
1187 2375 1322 2417 suavis
1349 2375 1390 2416 in
1423 2374 1644 2419 noctibus;

287 2456 365 2483 nec
384 2442 519 2484 solum
541 2443 677 2486 suavis
692 2476 703 2492 ,
729 2446 802 2487 sed
823 2445 950 2487 etiam
971 2445 1083 2487 utilis
1097 2477 1107 2493 ‚
1138 2445 1208 2501 qui
1233 2444 1346 2501 quasi
1369 2445 1504 2485 bonus
1526 2441 1649 2485 coha-

289 2512 444 2553 bitator
464 2510 505 2554 et
532 2515 813 2557 dormientem
844 2515 1017 2564 excitat,
1044 2523 1086 2556 et
1108 2514 1333 2556 sollicitum
1363 2514 1588 2561 admonet,
1605 2520 1649 2555 et

286 2580 468 2625 viantem
497 2586 680 2635 solatur,
705 2601 953 2644 processum
984 2585 1120 2628 noetis
1152 2600 1307 2628 canora
1341 2582 1650 2643 significatione
