1742 3233
355 310 441 381 4ρβ
902 321 931 352 s.
973 320 1160 371 1116116311

349 415 505 460 annum
537 398 789 467 conclusisse
817 398 1024 466 videatur,
1061 396 1132 460 qui
1155 411 1286 459 annus
1310 411 1331 438 a
1353 399 1538 441 secundo
1563 414 1707 451 mense

354 461 526 528 incipit,
541 460 653 511 etin
667 449 908 524 secundum
930 481 1117 530 mensem
1144 467 1240 508 anni
1263 467 1431 521 alterius
1456 483 1589 526 usque
1610 485 1708 526 pro-

354 530 572 597 greditur'?
597 520 684 591 Nisi
706 536 813 600 sorte
834 529 905 578 hic
929 521 1038 578 <Iusti
1060 535 1236 578 formam
1260 537 1512 579 declaratam
1535 539 1708 582 velimus

355 607 567 679 accipere,
597 596 848 667 11ιΡΓίι11113
841 621 972 647 annus
995 606 1027 647 is
1050 593 1197 653 suelit,
1220 620 1303 682 quo
1332 608 1458 664 coepit
1480 603 1707 659 diluvium,

354 685 476 750 post
466 673 818 719 sexcentesimum
836 670 995 729 scilicet
1016 689 1148 716 annus
1168 674 1352 732 primus·
1341 708 1352 724 ,
1375 676 1537 734 primus
1556 677 1710 731 iterum

354 748 488 787 annus
533 752 575 786 et
609 743 769 801 primus
811 743 966 785 mensis
1007 751 1100 801 post
1141 744 1493 787 sexcentesimum
1529 761 1708 794 annum,

351 808 518 872 quando
546 814 767 858 imminuta
790 821 888 855 est
877 828 981 870 aqua
1005 828 1027 854 a
1047 813 1152 858 facie
1178 821 1330 855 tcrrae.
1359 829 1411 855 66
1436 817 1550 871 quod
1575 815 1710 872 justus

351 884 392 926 in
413 892 686 942 peccatorum
698 882 983 941 generatione,
1004 897 1095 939 quae
1111 891 1283 940 propter
1302 883 1456 925 delicta
1468 885 1604 939 deleta
1624 893 1707 932 est,

351 954 504 996 virtute
525 953 684 1012 primus
705 961 817 1002 erat,
842 961 884 994 et
900 952 942 994 in
959 952 1142 994 secunda
1159 952 1429 1013 generatione
1445 985 1455 1002 ,
1476 968 1568 1010 quae
1585 954 1712 1014 coepit

352 1032 446 1101 post
463 1023 686 1083 diluvium,
710 1030 751 1064 et
774 1022 941 1089 ordine,
966 1021 1063 1078 quia
1084 1022 1246 1080 primus
1264 1024 1461 1080 secundae
1483 1023 1713 1080 generatio-

354 1093 417 1150 nis
440 1092 541 1141 suit,
570 1100 612 1134 et
633 1091 783 1134 merito
807 1091 967 1149 primus
991 1100 1194 1134 evaserat.
1229 1092 1359 1134 Recte
1380 1091 1496 1134 enim
1517 1092 1556 1134 ei
1576 1092 1713 1135 honor

354 1147 541 1226 defertur
569 1162 640 1219 qui
669 1170 710 1203 et
735 1161 934 1219 primaeD
911 1160 1190 1203 Grcuer-ationis
1212 1160 1372 1223 primus
1394 1161 1473 1213 suit
1502 1170 1545 1204 et
1570 1170 1714 1218 poste-

355 1232 474 1289 rioris
494 1232 775 1311 princ-ipium3
801 1231 872 1288 qui
893 1231 1097 1272 meruerit
1122 1238 1164 1272 et
1191 1232 1242 1272 de
1266 1230 1333 1272 illa
1357 1232 1559 1287 evadere,
1584 1239 1627 1273 et
1649 1231 1715 1275 isti

357 1303 409 1345 ad
428 1301 699 1345 seminarium
719 1301 955 1359 propagari.
967 1288 1095 1342 Cum
1116 1300 1228 1343 enim
1253 1301 1319 1342 alii
1338 1302 1620 1359 deperissent,
1646 1316 1715 1344 3ο-

356 1373 419 1414 lus
456 1371 548 1413 vitae
586 1358 760 1428 egregia}
797 1360 972 1417 merim,
1018 1377 1059 1411 et
1095 1370 1369 1429 praerogativa
1405 1371 1568 1427 virtutis
1604 1373 1716 1428 apud

358 1443 494 1484 Deum
524 1441 662 1488 dives,
693 1454 778 1481 non
806 1446 869 1480 est
895 1446 1090 1494 expertus
1112 1439 1280 1481 malitiae
1302 1441 1588 1496 corruptelam
1604 1472 1614 1488 ,
1641 1455 1717 1497 per

360 1527 486 1571 quem
514 1510 672 1552 factum
707 1517 769 1550 est
805 1523 857 1550 ne
893 1515 1029 1562 totum
1059 1522 1213 1565 corpus
1249 1508 1411 1565 generis
1444 1508 1619 1550 humani
1651 1511 1717 1554 vel

361 1582 563 1624 abolitum
587 1580 797 1622 videretur
828 1577 871 1619 in
903 1577 1046 1626 terris,
1078 1579 1143 1619 vel
1172 1593 1193 1619 a
1223 1577 1302 1621 Dei
1329 1577 1560 1620 abscissum
1586 1578 1716 1635 gratia

361 1652 685 1707 relinqueretur.

417 1719 592 1764 LXXII.
641 1718 727 1760 «Et
755 1715 1000 1764 denudavit,
1037 1716 1172 1773 inquit
1202 1715 1291 1759 Noe‘
1328 1725 1487 1759 tectum
1518 1716 1662 1760 arcaess
1690 1735 1705 1757 1)

365 1789 473 1832 Cum
506 1803 645 1830 arcam
675 1786 784 1829 sicut
814 1800 939 1858 supra
979 1785 1241 1844 interpretati
1273 1801 1440 1854 sumus,
1474 1801 1550 1844 pro
1580 1783 1742 1855 specie*

364 1858 551 1922 corporis
573 1849 885 1915 acceperimus,
914 1854 1016 1913 quid
1040 1854 1091 1896 sit
1112 1848 1329 1921 denudari
1341 1871 1495 1921 corpus
1513 1856 1719 1914 intelliga-

365 1945 459 1989 mus
482 1929 714 1971 secundum
739 1922 928 1969 altiorem
954 1925 1113 1968 scilicet
1145 1916 1327 1984 sensum
1356 1916 1566 1968 Caeterum
1588 1927 1738 1987 liquet

366 1996 724 2057 quemadmodum
749 2010 846 2038 arca
872 1995 1056 2052 potuerit
1080 1995 1231 2051 aperiri
1255 2011 1367 2038 secu
1369 1996 1489 2038 ulum
1519 1997 1712 2039 litteram.

367 2070 483 2122 Quid
504 2067 628 2126 igitur
649 2074 809 2108 tectum
831 2064 1006 2107 humani
1037 2064 1224 2121 corporis
1253 2065 1306 2108 sit
1332 2067 1446 2122 quod
1469 2067 1657 2109 clausum
1677 2066 1719 2107 in

368 2139 522 2182 diluvio
557 2137 658 2186 fuit,
695 2135 773 2178 nisi
811 2135 918 2177 sorte
954 2134 1275 2177 delectationem
1311 2134 1593 2193 accipiamus,
1626 2151 1718 2192 quae

369 2207 585 2266 operiebat
604 2206 685 2248 hoc
708 2201 859 2262 corpus
881 2201 1096 2251 nostr,um
1120 2212 1162 2246 ct
1185 2204 1301 2260 quasi
1324 2199 1492 2262 tegebat
1510 2220 1585 2262 per
1600 2204 1719 2247 illum

368 2279 469 2342 Α(1(6
498 2277 713 2343 errorem?
750 2275 803 2316 Et
834 2288 884 2315 co
920 2273 1101 2315 maxime
1129 2274 1249 2330 tectis
1282 2274 1428 2316 similis
1459 2274 1716 2323 aestimatum

369 2342 464 2406 quia
497 2339 640 2390 36113113
664 2344 798 2387 omnis
824 2344 867 2386 in
893 2343 1054 2412 capite,
1084 2343 1182 2397 inde
1209 2340 1433 2387 delectatio
1454 2359 1547 2403 quae
1566 2357 1719 2400 corpus

369 2433 494 2461 omne
515 2415 755 2473 subjectum
776 2413 970 2457 habebat.
1000 2412 1084 2456 Sed
1106 2413 1179 2455 uhi
1206 2428 1329 2456 mens
1355 2413 1454 2470 justi
1479 2413 1555 2455 viri
1582 2406 1719 2469 sobria

371 2498 495 2546 atque
524 2486 684 2544 integra
727 2500 748 2527 a
783 2468 1052 2542 corruptione
1089 2483 1257 2534 diluvii,
1295 2479 1443 2526 divinae
1471 2482 1720 2547 cognitionis

370 2556 628 2636 inflammata
651 2553 857 2599 desiderio
884 2550 1028 2626 exilire
1050 2560 1174 2611 atquc
1195 2553 1360 2626 evolare
1380 2551 1543 2597 voluit
1532 2566 1575 2596 1n
1595 2566 1729 2614 supe-¹

417 2657 427 2673 ¹
434 2633 531 2682 Gen
549 2657 622 2687 nn,
645 2647 695 2680 15.
