1742 3233
317 225 399 266 332
858 243 887 268 s.
929 243 1117 272 Amr-osu

316 324 403 365 est,
432 315 503 373 qni
529 316 747 373 puniretur
764 318 805 359 in
823 328 996 376 peccato
1020 336 1028 362 ε
1055 320 1127 362 sed
1150 321 1345 366 remissus
1368 332 1431 367 est
1452 326 1540 369 sine
1560 341 1669 385 prae—

318 386 473 443 scripto
498 402 652 444 poence,
677 387 850 431 sortasse
875 404 958 431 non
982 398 1065 432 tam
1087 391 1236 449 majori
1262 393 1436 436 crimine
1456 395 1672 452 parricidii

321 455 455 510 (illud
486 457 597 497 enim
620 458 828 500 commisit
851 459 892 500 in
920 460 1123 517 fratrem)
1153 476 1281 517 quam
1305 463 1534 521 sacrilegii,
1559 465 1673 521 quod
1716 473 1721 504 “.

313 526 402 567 Deo
437 526 614 569 eredidit
637 529 945 577 mentiendum,
972 529 1116 572 dicens
1142 544 1152 571 ε
1193 548 1209 569 α
1236 531 1385 574 Nescio
1413 547 1422 573 :
1456 533 1669 591 Numquid
1718 534 1721 550 ⁵

314 614 329 635 >³
343 613 419 655 ego
443 606 582 640 custos
598 599 734 641 fratris
750 600 831 641 mei
849 616 941 642 sum
958 600 969 621 ¹
990 601 1034 642 9»
1058 601 1108 642 Et
1132 601 1226 643 ideo
1249 603 1480 645 accusatori
1501 603 1667 648 diabolo
1720 614 1723 644 ὲ

317 667 407 723 ejus
436 668 644 710 accusatio
678 678 883 711 reservata
905 678 987 718 est,
1022 679 1068 712 ut
1098 685 1196 712 eum
1226 672 1381 728 angelis
1413 672 1504 729 ejus
1525 673 1670 731 flagel-
1720 681 1726 722 ὲ,

312 738 422 778 letur
437 769 446 784 ‚
465 738 535 793 qui
559 753 654 779 cum
677 738 918 781 hominibus
940 740 1077 782 noluit
1097 740 1510 798 flagellari.Denique
1528 744 1580 784 de
1607 751 1671 785 ta-
1723 742 1726 780 ᾗ·

314 806 422 846 libus
441 806 599 848 dictum
621 816 706 849 est:
738 826 753 846 «
770 808 862 850 Non
885 817 947 850 est
965 810 1187 851 declinatio
1215 810 1361 851 mortis
1383 825 1601 853 eorum....
1630 820 1672 854 et
1723 816 1727 823 '

312 889 439 915 »cum
470 875 711 917 hominibus
740 893 824 918 non
850 877 1175 935 flagellabuntur
1202 878 1235 921 ².
1268 896 1283 916 »
1318 878 1408 920 Alia
1441 894 1539 936 ergo
1565 881 1672 922 ratio

315 944 500 985 mulieris
519 977 530 992 ,
556 960 647 1001 quae
677 946 775 987 licet
798 947 844 987 ‘in
867 949 1034 1004 culpam
1059 947 1411 1005 praevaricationis
1435 948 1639 990 inciderat
1660 981 1670 997 ‚

314 1023 453 1057 tamen
472 1017 522 1056 de
545 1016 721 1073 paradisi
740 1017 861 1073 lignis
888 1018 1072 1059 habebat
1095 1018 1233 1059 adhuc
1256 1017 1421 1059 virtutis
1442 1033 1581 1059 escam
1601 1035 1613 1067 ;
1633 1026 1675 1060 et

316 1084 411 1126 ideo
434 1085 535 1127 dixit
557 1095 776 1142 peccatum
800 1102 939 1134 suum,
959 1096 1000 1128 et
1018 1095 1260 1144 reputatum
1282 1095 1344 1128 est
1363 1087 1401 1128 ei
1424 1089 1475 1130 ad
1492 1087 1668 1130 veniam.

316 1154 459 1195 Justus
481 1155 591 1196 enim
615 1165 833 1198 accusator
850 1164 910 1198 cst
934 1157 995 1197 sui
1014 1158 1053 1198 in
1073 1157 1278 1214 principio
1299 1157 1514 1199 sermonis.
1534 1157 1675 1214 Neque

317 1223 428 1263 enim
451 1225 823 1281 potestquisquam
842 1225 1062 1282 justificari
1087 1242 1106 1267 a
1132 1235 1324 1283 peccato,
1350 1227 1425 1267 nisi
1445 1227 1567 1269 suerit
1584 1242 1677 1284 pec-

317 1300 457 1333 catum
477 1301 570 1334 ante
588 1293 815 1336 confessus.
840 1294 958 1336 [nde
975 1295 1179 1336 Dominus
1197 1295 1253 1336 ait
1272 1310 1281 1336 ε
1308 1313 1323 1333 «
1339 1296 1417 1337 Dic
1434 1296 1671 1352 iniquitates

318 1369 438 1403 »tuas
454 1394 464 1410 ‚
485 1371 530 1403 ut
550 1362 793 1418 justificeris
817 1363 847 1406 ³.
867 1382 882 1403 »

375 1431 548 1474 LXXII.
585 1433 693 1490 Ergo
716 1434 811 1490 quia
834 1434 917 1475 Eva
940 1434 1026 1491 ipsa
1049 1434 1237 1476 confessa
1261 1434 1462 1476 delictum
1486 1442 1570 1484 est,
1595 1435 1678 1476 mi·-

319 1502 398 1543 tior
420 1503 608 1559 sequitur
624 1512 665 1545 et
684 1504 900 1560 profutura
919 1505 1143 1554 sententia,
1172 1521 1265 1561 quae
1287 1505 1590 1547 condemnaret
1610 1521 1678 1547 er·

319 1587 474 1621 rorem,
492 1581 533 1614 et
546 1573 710 1614 veniam
733 1589 816 1615 non
835 1582 1024 1631 negaret,
1048 1583 1096 1616 ut
1115 1576 1165 1616 ad
1182 1575 1319 1615 virum
1337 1589 1458 1616 suum
1477 1589 1676 1616 conversa

319 1642 503 1684 serviret.
530 1631 717 1684 Primum
741 1658 792 1684 nc
816 1659 908 1685 eam
931 1644 1051 1685 facile
1078 1643 1306 1686 delectaret
1327 1659 1467 1685 errale
1491 1659 1499 1685 z
1529 1643 1680 1686 deinde

320 1720 366 1753 ut
389 1713 464 1753 sub
488 1712 658 1754 fortiore
679 1728 773 1754 vase
795 1715 930 1755 locata
956 1729 1040 1755 non
1060 1713 1302 1755 traduceret
1318 1713 1470 1762 virum,
1492 1713 1565 1755 sed
1586 1728 1681 1754 ma-

322 1781 381 1838 gis
409 1782 484 1823 viri
513 1783 686 1824 consilio
714 1791 755 1824 et
778 1783 866 1840 ipsa
896 1791 1125 1841 regeretur.
1153 1783 1199 1823 In
1222 1797 1304 1838 quo
1327 1782 1496 1838 quidem
1522 1790 1680 1839 myste-

322 1851 431 1893 rium
465 1852 618 1893 Christi
653 1860 695 1894 et
723 1852 925 1895 Ecclesiae
955 1853 1170 1895 evidenter
1199 1867 1390 1910 agnosco,
1432 1852 1682 1910 Designatur

323 1921 433 1962 enim
456 1921 652 1962 Ecclesiae
675 1924 727 1963 ad
751 1923 966 1964 Christum
996 1922 1135 1964 futura
1159 1921 1375 1963 conversio
1393 1954 1404 1970 ,
1429 1929 1472 1963 et
1491 1922 1681 1979 religiosa

322 1991 494 2033 servitus
518 1991 682 2033 subdita
706 1992 782 2034 Dei
813 1992 975 2041 Verbo,
1002 2008 1094 2049 quae
1125 1993 1258 2033 multo
1282 1991 1335 2034 sit
1357 1991 1529 2039 melior,
1553 2006 1681 2048 quam

322 2060 460 2102 saeculi
484 2061 610 2117 hujus
636 2062 817 2104 libertas.
848 2062 1040 2118 Denique
1068 2061 1273 2118 scriptum
1295 2069 1357 2102 est
1378 2075 1387 2102 :
1420 2079 1434 2098 t·
1452 2060 1683 2103 Dominum

324 2150 336 2169 ι
351 2132 488 2174 Deum
510 2141 630 2174 tuum
647 2133 861 2182 adorabis,
881 2141 923 2175 et
949 2133 1029 2190 ipsi
1054 2132 1129 2174 soli
1153 2131 1305 2173 servies
1328 2130 1358 2174 ¹⁴.
1389 2149 1404 2170 »
1437 2131 1536 2172 Haec
1559 2131 1684 2188 igitur

325 2202 498 2244 servitus
523 2202 599 2244 Dei
626 2202 783 2244 donum
806 2211 882 2245 est.
909 2203 1102 2259 Denique
1129 2202 1237 2244 inter
1264 2200 1581 2243 benedictiones
1603 2217 1685 2242 nu-

322 2281 508 2315 meratur
533 2272 660 2329 hujus
684 2273 892 2315 servitutis
917 2272 1192 2329 obsequium3
1217 2286 1314 2313 nam
1337 2279 1379 2313 et
1396 2271 1509 2312 Isaac
1527 2271 1567 2313 in
1589 2273 1683 2313 loco

323 2342 627 2385 benedictionis
651 2358 742 2384 eam
772 2343 884 2385 dedit
908 2343 1019 2384 Esaii
1048 2341 1134 2383 filio
1158 2357 1258 2389 suo,
1289 2353 1337 2382 ut
1364 2340 1537 2382 serviret
1566 2340 1682 2382 fratri

327 2428 414 2454 suo.
435 2413 624 2470 Denique
648 2412 986 2456 benedictionem
1010 2412 1079 2455 ille
1106 2411 1330 2470 poscebam
1353 2410 1431 2454 etsi
1451 2425 1581 2453 unam
1602 2409 1681 2453 sibi

373 2528 381 2542 ¹
407 2514 493 2553 Gen.
519 2528 550 2550 lv
566 2541 576 2558 ‚
603 2532 635 2563 9.
653 2535 693 2545 -—
713 2529 724 2544 ¹
744 2520 825 2554 Psal.
848 2531 932 2554 mxxii
951 2542 961 2561 ,
984 2520 1002 2559 4
1024 2541 1033 2559 ,
1059 2520 1088 2551 5.
1119 2534 1160 2545 -·-
1175 2520 1191 2544 ³
1210 2519 1285 2552 lsai.
1301 2529 1382 2552 xmn
1395 2539 1407 2558 ‚
1423 2517 1473 2551 26.
1486 2532 1527 2543 -—·
1546 2518 1560 2545 ⁴
1574 2517 1676 2550 Deut-

326 2582 359 2602 τι
374 2594 382 2610 ,
410 2572 460 2605 13.
