1747 3260
282 304 285 306 v
298 254 385 297 206
845 269 874 297 s.
908 269 1103 298 ..munosu

298 355 394 389 sunt
409 379 419 395 ,
444 361 529 388 non
546 346 704 388 debetis
724 345 809 393 his,
836 355 882 388 ut
904 346 946 388 id
969 348 1252 390 communiter
1275 348 1459 394 habeant
1475 351 1517 394 in
1538 354 1652 409 quod

302 431 323 458 a
340 426 488 458 natura
507 416 719 458 substituti
741 424 860 465 sunt,
885 416 1084 458 invidere.

356 485 467 528 LIX.
506 485 738 542 Accipitres
768 485 958 527 seruntur
986 486 1026 526 in
1054 500 1102 526 co
1131 487 1281 528 duram
1304 490 1525 531 adversum
1550 505 1652 547 pro—

299 556 412 614 prios
429 557 551 597 soetus
568 556 723 597 habere
741 555 1051 596 inclementiam
1066 588 1076 603 ,
1096 558 1209 611 quod
1226 557 1297 597 ubi
1311 573 1380 599 eos
1391 559 1646 601 adverterint

304 636 461 670 tentare
474 627 634 667 volatus
650 625 877 682 primordia
895 657 904 672 ‚
926 625 1031 666 nidis
1049 624 1224 680 ejiciunt
1242 626 1346 674 suis,
1368 628 1653 685 continuoque

302 697 542 743 eliminant3
564 710 609 736 ac
629 695 661 736 si
682 703 916 743 morentur,
941 696 1183 752 propulsant
1202 697 1349 752 pennis
1372 707 1495 754 atque
1513 699 1654 755 praeci-

300 768 456 825 pitant‚
485 767 708 807 verberant
731 765 825 813 alis,
851 773 1090 821 coguntque
1113 767 1266 807 audere
1283 768 1397 822 quod
1415 769 1649 825 trepidant3

298 853 378 880 nec
402 839 531 878 ullum
547 843 689 893 postea
702 835 895 875 deserunt
906 834 1129 876 hismunus
1141 835 1359 878 alimoniae.
1375 837 1487 888 Quid
1499 838 1653 880 mirum

301 918 442 952 tamen
464 909 496 950 si
520 922 666 964 rapere
687 906 839 947 assueti
864 906 1024 947 nutrire
1054 899 1297 947 fastidiunt?
1326 907 1654 956 Consideremus

300 981 349 1021 ad
373 979 453 1030 hoc
486 992 556 1019 eos
584 992 672 1017 esse-
699 984 941 1033 generatos,
977 983 1023 1016 ut
1056 975 1181 1016 etiam
1207 992 1301 1017 aves
1335 979 1387 1018 ad
1419 980 1654 1020 cavendum

297 1048 476 1090 formido
497 1054 714 1093 exerceat3
734 1061 786 1086 ne
809 1045 960 1102 passim
992 1060 1111 1086 curas
1134 1047 1346 1094 relaxent,
1371 1049 1444 1088 sed
1468 1048 1654 1104 pericula

298 1117 564 1176 praedonibus
595 1115 842 1157 declinanda
874 1115 1145 1172 prospiciant.
1179 1115 1341 1156 DcInde
1366 1132 1463 1157 cum
1491 1117 1555 1158 his,
1578 1132 1654 1158 na-

297 1197 391 1230 tura
415 1188 595 1244 quadam
618 1187 831 1243 praedandi
855 1201 1008 1227 munus
1031 1187 1269 1235 inoleverit,
1295 1187 1426 1244 magis
1456 1202 1477 1228 a
1507 1196 1653 1229 tenero

296 1260 432 1316 pullos
460 1273 554 1299 snos
589 1257 804 1298 instituere
837 1257 1032 1298 videntur
1055 1258 1105 1298 ad
1131 1258 1342 1313 praedam,
1369 1272 1492 1313 (stiam
1511 1265 1654 1314 pastus

300 1329 494 1371 abdicare
509 1326 778 1384 compendiis.
799 1326 957 1367 Cavent
974 1342 1024 1367 ne
1043 1326 1083 1366 in
1103 1334 1244 1367 tenera
1261 1334 1381 1367 aetate
1398 1328 1653 1384 pigrescant,

297 1415 351 1441 ne
372 1401 584 1440 solvantur
612 1397 770 1438 deliciis
785 1430 796 1446 ‚
827 1412 877 1437 ne
900 1404 1162 1438 marcescant
1187 1396 1273 1437 otio
1290 1429 1300 1445 ,
1326 1413 1379 1438 no
1401 1398 1567 1439 discant
1593 1398 1656 1439 ci-

297 1470 399 1511 bum
424 1468 554 1525 magis
575 1475 796 1524 expectare
817 1482 941 1522 quam
976 1481 1161 1523 quaerere
1178 1500 1188 1514 ‚
1214 1481 1266 1508 ne
1292 1475 1452 1508 naturae
1475 1481 1558 1508 suae
1579 1468 1656 1508 de-

297 1547 454 1597 ponant
479 1539 678 1595 vigorem.
705 1537 994 1579 Intermittunt
1016 1537 1150 1578 studia
1170 1537 1409 1586 nutriendi3
1435 1545 1480 1578 ut
1496 1537 1537 1578 in
1555 1551 1656 1578 usus

297 1608 486 1666 rapiendi
505 1609 656 1649 audere
676 1608 942 1663 compellant.

351 1679 440 1722 LX.
478 1677 627 1734 Aquila
651 1692 817 1733 quoque
847 1677 1027 1734 plurimo
1055 1691 1246 1719 sermone
1280 1685 1504 1734 usurpatur
1526 1677 1644 1734 quod

296 1765 392 1791 suos
419 1748 584 1790 abdicet
602 1747 748 1796 fietus,
781 1748 854 1788 sed
881 1762 964 1788 non
994 1755 1243 1804 utrumque,
1273 1763 1420 1789 verum
1446 1763 1581 1789 unum
1605 1762 1658 1790 ex

294 1819 420 1876 pullis
452 1818 626 1859 duobus.
666 1817 792 1868 Quod
825 1817 951 1873 aliqui
981 1816 1072 1858 fieri
1101 1826 1357 1874 putaverunt
1383 1819 1653 1875 geminando-

295 1905 390 1932 rum
411 1889 705 1931 alimentorum
726 1888 904 1930 fastidio.
934 1887 1017 1929 Sed
1042 1888 1084 1929 id
1107 1903 1191 1930 non
1219 1889 1401 1930 arbitror
1419 1889 1541 1931 facile
1563 1904 1652 1931 cre-

295 1963 479 2004 dendum
504 1993 514 2012 ‚
552 1960 785 2018 praesertim
825 1975 922 2001 cum
959 1960 1120 2016 Moyses
1157 1967 1321 2001 tantum
1350 1960 1650 2002 testimonium

293 2032 457 2090 pietatis
479 2031 520 2072 in
542 2033 678 2088 pullos
698 2046 794 2072 suos
817 2030 916 2071 huic
939 2030 1101 2072 dederit
1119 2030 1204 2079 avi,
1221 2038 1270 2071 ut
1288 2030 1445 2072 diceret
1462 2045 1472 2072 τ
1496 2047 1512 2068 «
1530 2030 1651 2072 Sicut

292 2120 309 2141 ῃ
324 2102 458 2157 aquila
476 2101 656 2159 protegit
675 2101 825 2142 nidum
848 2116 990 2149 suum,
1017 2108 1060 2142 et
1083 2115 1208 2158 super
1223 2102 1359 2158 pullos
1379 2116 1475 2143 suos
1501 2100 1642 2142 consi-

290 2190 307 2212 »
323 2171 382 2214 dit
406 2180 448 2213 et
471 2171 669 2228 expandit
694 2173 893 2213 alas-suas
907 2187 919 2219 3
948 2178 990 2212 et
1014 2171 1240 2227 assumpsit
1269 2186 1366 2219 eos,
1393 2179 1436 2213 ct
1461 2170 1647 2229 suscepit

291 2259 308 2281 n
322 2256 447 2299 super
462 2242 650 2298 scapulas
672 2255 777 2282 suas.
801 2240 1012 2281 Dominus
1032 2241 1144 2282 solus
1162 2241 1345 2282 ducebat
1359 2255 1431 2282 eos
1443 2239 1475 2282 ¹.
1495 2259 1511 2279 »
1526 2241 1648 2293 {Quo-

288 2314 415 2355 modo
437 2327 536 2369 ergo
550 2311 747 2369 expandit
767 2312 851 2353 alas
868 2344 878 2360 ,
902 2310 934 2353 si
949 2311 1525 2353 -oceideritalterumpzttnde
1542 2319 1646 2369 puvo

289 2397 374 2424 non
389 2381 555 2424 avaritia
573 2381 898 2423 nutriendi-eam
918 2381 1215 2422 inclementem
1232 2380 1322 2423 fieri
1335 2380 1646 2430 ‚isedexamine

287 2451 516 2509 judicandi.
549 2451 726 2508 Semper
754 2451 868 2492 enim
897 2451 1030 2493 fertur
1048 2451 1236 2508 probare
1256 2466 1370 2509 =quos
1390 2451 1565 2509 genum
1584 2463 1646 2492 ne

274 2536 277 2537 ⁷
285 2521 450 2579 generis
483 2518 545 2562 sui
576 2521 691 2563 >inter
718 2535 865 2563 omnes
891 2536 991 2564 aves
1021 2520 1235 2578 quoddam
1259 2523 1405 2580 ,regale
1419 2520 1644 2580 fastigium

276 2615 279 2617 “
327 2619 343 2643 ,¹
362 2611 460 2644 Deut.
477 2620 586 2648 xxxii,
603 2619 652 2649 ιι,
665 2620 720 2645 τε,
