1742 3233
420 323 472 351 ΒΕ
506 322 603 351 cna*
635 322 689 350 ET
723 322 842 351 ABEL.
878 324 957 351 Lm.
997 324 1040 351 11.
1323 312 1408 355 385

55 400 160 444 nihil
183 401 233 442 de
250 398 416 441 tramite
436 399 605 442 directa}
622 399 863 442 intentionis
881 401 1160 451 imminuens,
1187 418 1265 445 nec
1289 405 1410 447 affec-

53 479 121 513 tus
143 471 205 512 sui
228 477 417 526 tempora
438 485 551 511 nunc
568 470 741 511 luxuriae
755 471 940 512 dividens
956 503 965 519 ‚
986 487 1098 513 nunc
1117 473 1263 515 labori.
1286 473 1409 516 Solus

55 540 196 596 itaque
226 540 389 597 sapiens
416 539 524 580 hanc
553 540 739 582 celebrat
764 541 1093 590 solemnitatem,
1120 544 1259 584 nullus
1287 544 1406 586 alius,

54 610 293 651 Immunem
325 608 437 650 enim
467 608 710 665 hujusmodi
738 611 981 667 passionum
1019 612 1200 654 animam
1228 615 1412 670 reperire

55 680 223 724 difficile
243 688 317 722 est.
343 680 489 721 Divido
511 695 611 737 ergo
639 682 873 721 secundum
896 682 1101 723 rationem
1132 683 1279 725 animae
1302 685 1413 741 prin-

56 751 204 808 cipalia
235 758 277 792 et
310 750 570 798 obedientia,
600 758 640 791 et
670 759 770 792 tunc
801 751 903 807 quid
926 740 1227 801 masculinum,
1263 755 1414 811 quidve

54 819 318 862 foemininum
334 820 385 861 sit
402 819 704 877 deprehendes.
728 821 849 862 Nulla
867 822 979 863 euim
998 823 1086 864 sine
1101 824 1244 866 labore
1263 826 1410 873 virtus,

55 891 151 947 quia
174 891 293 932 labor
322 904 540 947 processus
564 890 726 932 virtutis
749 899 824 932 est.
857 891 983 942 Quod
1006 893 1134 934 etiam
1163 895 1265 952 legis
1287 895 1414 952 ipsius

52 961 180 1002 verba
206 959 459 1016 significant,
485 975 576 1016 quae
603 960 704 1001 dicit
729 992 740 1007 ‚
757 960 922 1002 «Omne
946 963 1060 1017 quod
1089 964 1224 1019 aperit
1246 967 1412 1006 vulvam

55 1030 231 1079 »asinae,
261 1030 443 1072 mutabis
479 1030 594 1072 ove¹.
623 1031 875 1081 »Immunda
911 1032 1023 1073 enim
1056 1032 1252 1075 animalia
1289 1036 1355 1076 lex
1395 1051 1415 1076 a

55 1099 259 1149 sacrificio
281 1100 515 1157 separavit,
540 1108 581 1141 et
603 1115 679 1156 pro
705 1100 769 1141 his
792 1101 844 1141 ad
867 1100 1000 1142 vicem
1027 1103 1186 1143 munda
1208 1102 1331 1159 jussit
1352 1105 1416 1146 of-

54 1169 165 1211 ferri.
202 1169 338 1211 Asinae
374 1184 471 1226 ergo
502 1177 701 1226 partum,
735 1168 817 1210 hoc
855 1178 945 1217 est,
986 1169 1256 1213 immundum
1298 1172 1418 1228 jubet

54 1240 209 1282 mutari
242 1255 343 1287 ove,
377 1255 469 1295 quse
489 1240 647 1280 munda
679 1247 719 1280 et
750 1248 844 1296 apta
875 1240 1081 1282 sacrificio
1113 1241 1211 1284 est2.
1243 1243 1334 1284 Hoc
1358 1252 1420 1286 est

55 1312 291 1353 secundum
324 1310 521 1352 litteram.
571 1309 780 1351 Caeterum
818 1310 850 1351 si
888 1311 980 1366 quis
1021 1326 1189 1353 sensum
1225 1313 1420 1369 spiritalis

54 1381 156 1438 legis
174 1380 294 1422 altius
316 1388 609 1437 persequatur,
634 1380 737 1420 libet
753 1379 1018 1421 considerare
1035 1382 1149 1436 quod
1167 1381 1278 1423 asina
1301 1384 1416 1424 labo-

55 1452 213 1493 riosum
253 1450 303 1491 sit
330 1450 518 1500 animal,
552 1449 638 1491 ovis
674 1449 954 1491 fructuosum.
997 1451 1158 1492 Fructu
1186 1467 1284 1509 ergo
1318 1454 1420 1495 dicit

55 1521 307 1564 mutandum
328 1520 541 1567 laborem,
571 1527 618 1560 ut
650 1518 744 1560 finis
776 1520 912 1576 operis
941 1520 1003 1561 sui
1035 1520 1197 1562 fructus
1235 1522 1298 1564 sit.
1344 1524 1420 1567 Vel

56 1600 170 1634 certe
191 1591 271 1633 hoc
297 1592 424 1632 modo
451 1605 459 1631 ε
486 1604 656 1631 omnem
678 1590 867 1631 laborem
894 1599 1035 1639 tuum,
1061 1606 1231 1633 omnem
1262 1593 1415 1635 indus-

56 1661 180 1703 triam
207 1676 313 1718 puro
335 1668 376 1701 et
401 1658 577 1716 simplici
603 1659 919 1701 commendabis
945 1660 1111 1702 affectu.

113 1731 188 1773 IX.
235 1748 249 1768 κ
267 1729 309 1771 Si
333 1738 473 1772 autem
491 1745 575 1770 non
593 1730 791 1778 mutabis,
813 1730 963 1785 inquit,
989 1731 1170 1772 redimes
1189 1731 1218 1774 ².
1242 1751 1257 1771 »
1285 1733 1416 1776 Jube-

0 1798 1 1803 ¹
55 1810 124 1845 tur
141 1817 239 1858 ergo
254 1802 488 1843 secundum
508 1801 706 1849 litteram,
731 1809 777 1842 ut
799 1801 953 1842 animal
971 1802 1084 1843 aliud
1102 1818 1176 1859 pro
1196 1803 1415 1847 immundo

55 1872 225 1915 animali
242 1871 458 1920 offeratur,
484 1880 551 1912 aut
570 1871 775 1928 pretium3
799 1886 852 1912 ne
870 1871 977 1912 inter
1000 1873 1182 1914 decimas
1198 1873 1417 1916 fructuum

55 1945 122 1985 vel
144 1940 280 1983 minus
305 1941 481 1997 aliquid,
508 1942 571 1983 vel
593 1940 860 1982 immundum
883 1940 1073 1982 videatur
1096 1941 1248 1984 offerri.
1283 1944 1416 1986 Intel-

55 2013 189 2055 lectus
209 2020 347 2052 autem
372 2011 620 2068 profundior
641 2010 900 2051 liberandam
921 2010 1101 2052 animam
1124 2018 1239 2052 tuam
1264 2014 1386 2054 docet
1404 2046 1414 2061 ,

55 2090 102 2124 ut
118 2082 287 2124 desistat
311 2083 360 2124 ab
389 2082 435 2123 iis
458 2096 548 2138 quae
571 2080 755 2122 fructum
773 2094 856 2120 non
880 2079 1049 2121 habent.
1075 2080 1158 2131 Qui
1180 2081 1293 2122 enim
1310 2083 1418 2124 redi-

55 2153 134 2195 mit
155 2167 197 2194 se
212 2184 222 2200 ,
246 2152 393 2194 liberat
417 2159 458 2193 et
489 2152 671 2207 quodam
693 2150 807 2191 exuit
829 2149 983 2190 debito.
1012 2149 1299 2206 Relinquenda
1318 2161 1417 2195 sunt

57 2236 199 2280 opera,
216 2238 306 2278 quae
319 2237 467 2263 verum
478 2220 678 2269 fructum,
693 2221 909 2276 bonosque
925 2235 1143 2276 processus
1160 2220 1414 2264 haberenon

55 2300 231 2349 possunt
251 2308 262 2340 3
283 2284 419 2348 qualia
443 2298 538 2332 sunt
561 2290 635 2332 ista
653 2291 882 2337 mundana,
904 2305 1084 2346 quorum
1112 2306 1210 2332 usus
1228 2306 1312 2333 non
1334 2308 1414 2349 po·-

58 2370 136 2405 test
170 2373 263 2404 esse'
289 2362 525 2403 diuturnus.
556 2361 604 2402 In
626 2360 777 2417 quibus
805 2360 890 2417 ipsc
919 2361 1057 2401 nudus
1080 2369 1121 2401 et
1146 2361 1232 2402 veri
1256 2377 1413 2406 vacuus

56 2431 232 2475 effectus
260 2440 353 2480 est,
377 2439 417 2473 et
446 2430 633 2488 quamvis
663 2444 828 2471 summo
847 2428 1052 2486 ,quaesitus
1082 2429 1208 2472 suerit
1235 2431 1379 2475 labore
1398 2466 1410 2482 ,

56 2503 241 2544 animam
257 2502 361 2543 nihil
375 2501 503 2559 juvat.
531 2501 589 2542 Ea
616 2500 744 2549 enim,
769 2515 860 2557 quae
882 2499 1125 2542 servitutem
1147 2500 1294 2543 animae
1313 2501 1412 2545 inse-

105 2619 114 2634 ·
135 2610 242 2642 Exod.
262 2621 336 2647 xm,
359 2610 418 2647 13;
448 2620 530 2648 xxii,
553 2621 612 2652 29;
636 2620 743 2648 xxxiv,
771 2620 829 2652 19,
856 2615 887 2641 et
906 2608 1125 2647 Ezec11.xmv,
1145 2609 1196 2643 30.
1217 2627 1258 2634 —
1275 2620 1286 2634 ¹
1307 2611 1414 2645 Lex-it.

0 2700 1 2704 ,
58 2674 164 2703 xxvu,
183 2677 233 2708 ²7·
252 2683 292 2689 -—
310 2667 322 2689 ³
341 2665 445 2698 Exod.
464 2675 526 2697 1111
540 2688 549 2702 ,
570 2664 617 2696 ιδ.

207 2734 284 2763 mv.
1209 2718 1259 2761 25
