1742 3233
0 796 8 1299 mm..-

490 269 540 296 nE
578 268 781 296 ann-uiui.
821 269 895 296 mn.
937 270 978 298 11..
1322 256 1405 314 589

66 343 188 385 tionis
202 377 212 393 ,
238 344 604 402 delectationisque
621 344 865 394 effuderint,
886 355 926 388 ct
950 347 1100 389 iterum
1124 346 1311 390 excitatis
1333 361 1410 407 ‹zu-3

63 415 304 471 piditatibus
328 431 455 458 novos
477 418 663 459 referunt
684 417 877 474 impetus.

121 483 206 527 LII.
245 486 289 526 In
314 486 441 528 ariete
461 482 560 528 vero
573 487 688 529 verbi
707 503 753 529 ac
776 488 979 529 sermonis
1002 488 1133 529 nostri
1149 485 1330 531 habetur
1353 489 1410 531 si-

61 554 252 596 militudo
267 587 278 602 ,
303 555 415 611 quod
438 556 489 598 sit
514 557 738 599 vehemens
753 590 762 605 ,
787 557 895 598 sicut
917 566 959 598 et
980 573 1117 598 sermo
1150 567 1293 599 noster
1319 558 1410 600 effi-

63 638 137 664 cax
166 625 442 681 operationis,
478 635 519 668 et
546 627 724 683 quadam
766 635 936 668 ornatus
974 627 1104 668 nostri
1147 636 1188 668 et
1221 627 1409 684 tegminis

64 707 187 734 causa
216 693 278 735 sit.
307 694 425 736 Aries
444 712 517 752 per
534 712 657 738 usum
675 697 851 739 vestium
875 698 1021 738 ordine
1040 699 1220 753 quodam
1243 712 1409 755 gregem

61 763 239 811 ducens,
269 764 376 806 sicut
400 767 501 807 ordo
527 766 696 822 quidam
720 767 810 808 vitae
837 782 1019 822 ususque
1043 766 1172 808 nostri
1188 766 1316 807 v'crbo
1339 781 1412 807 ex—

60 832 249 888 plicatur.
278 835 470 876 Arbitror
499 844 637 878 autcm
657 839 770 892 quod
786 837 890 878 illud
913 836 1087 877 verbum
1111 836 1240 892 magis
1258 835 1411 877 intelli-

63 917 159 958 gere
182 904 428 952 debeamus,
454 908 565 961 quod
581 915 640 947 est
663 907 847 949 Verbum
863 907 939 948 Dei
954 939 964 954 ,
989 921 1088 947 cum
1112 921 1193 962 quo
1213 906 1318 947 aries
1336 906 1410 946 iste

61 970 216 1013 habere
237 972 425 1014 videatur
447 990 531 1015 non
548 976 803 1017 mediocrem
819 976 1128 1032 cognationem.
1163 974 1290 1025 Quod
1312 973 1412 1016 Ver-

63 1042 165 1084 bum
190 1059 265 1084 nos
292 1059 386 1085 vere
409 1046 591 1109 tegmine
614 1047 776 1087 velleris
798 1047 859 1087 sui
886 1046 1073 1093 vestivit,
1101 1052 1142 1085 et
1173 1044 1214 1084 in
1239 1045 1412 1085 domum

61 1112 289 1155 introduxit
310 1122 474 1156 aeternae
497 1116 650 1156 salutis.
671 1116 782 1166 «Qui
809 1131 851 1156 se
873 1130 949 1172 pro
972 1115 1092 1155 nobis
1111 1113 1413 1155 immolandum

61 1200 76 1219 »
92 1182 266 1231 obtulit,
286 1183 355 1239 qui
375 1191 573 1240 tanquam
589 1184 674 1226 ovis
696 1186 748 1226 ad
765 1185 978 1226 victimam
1002 1185 1154 1225 ductus
1181 1191 1269 1231 est,
1294 1190 1336 1224 et
1358 1181 1414 1222 si-

61 1270 76 1290 »
91 1260 162 1293 cut
181 1252 285 1294 aries
306 1268 447 1295 eoram
469 1253 669 1295 tondente
692 1270 734 1296 se
750 1255 839 1296 sine
856 1270 959 1296 voce
975 1287 984 1301 ‚
1011 1254 1069 1294 sic
1086 1267 1172 1293 non
1191 1251 1353 1309 aperuit
1368 1265 1414 1293 os

61 1340 76 1360 »
92 1321 254 1364 sunm&
272 1323 361 1364 »Ex
376 1339 459 1379 quo
482 1324 672 1365 ordinem
697 1326 923 1380 quemdam
946 1323 1187 1365 substantia:
1208 1322 1413 1363 habemus

62 1400 104 1433 et
121 1406 249 1434 sacrae
268 1393 582 1451 redemptionis,
600 1395 713 1450 quod
729 1410 803 1451 per
816 1395 950 1451 ipsum
972 1393 1130 1435 conditi
1146 1407 1192 1433 ac
1207 1391 1415 1447 redempti

62 1477 218 1504 sumus.
245 1463 408 1520 Duplex
429 1463 554 1520 igitur
575 1479 696 1505 causa
720 1480 795 1521 per
818 1464 1007 1506 Verbum
1023 1496 1033 1511 ,
1053 1461 1254 1504 naturalis
1272 1469 1313 1501 et
1330 1474 1417 1501 mo-

63 1532 158 1573 ralis
179 1548 187 1573 :
211 1534 412 1575 naturalis
430 1549 510 1590 qua
534 1534 722 1575 condidit
736 1567 746 1581 ‚
769 1535 939 1576 moralis
962 1548 1043 1590 qua
1061 1531 1251 1573 redemit.
1273 1530 1418 1572 Philo—

64 1602 209 1658 sophia
238 1618 403 1660 quoque
432 1604 639 1660 geminam
664 1603 847 1660 speciem
870 1604 932 1644 sui
954 1602 1171 1644 constituit
1194 1601 1235 1642 in
1262 1600 1421 1649 verbo,

63 1674 296 1714 naturalem
319 1682 360 1715 et
377 1676 590 1715 moralem.
613 1673 883 1715 Rationabilis
906 1673 1016 1714 enim
1039 1673 1259 1727 utriusque
1277 1670 1415 1728 portio

64 1750 136 1783 est.
165 1742 404 1785 Naturalem
421 1744 654 1785 secundum
671 1744 818 1784 mundi
843 1744 1099 1784 creationem
1117 1775 1127 1790 ,
1147 1756 1272 1797 quam
1289 1742 1418 1782 verbo

66 1814 245 1870 assignat
270 1830 277 1855 :
301 1816 504 1856 moralem
527 1817 758 1856 secundum
779 1814 981 1870 justitiam
1001 1821 1042 1854 et
1065 1811 1342 1868 :equalitatem
1363 1810 1420 1852 vi-

65 1885 211 1932 vendi,
232 1885 353 1941 cujus
370 1886 451 1926 vita
476 1893 515 1926 ct
533 1885 636 1926 ratio
662 1885 712 1926 de
732 1886 874 1926 verbo.

122 1954 230 1996 LIII.
271 1955 364 2006 Qua
382 1970 506 1996 causa
524 1969 620 1995 cum
638 1955 724 1996 dics
743 1954 1016 2010 qnadraginta
1034 1953 1352 2009 complerentur
1370 1964 1420 1992 ex
1457 1962 1462 1966 ”

66 2024 204 2067 Mariae
219 2024 400 2082 Virginis
422 2021 568 2083 partu,
594 2026 780 2066 tulerunt
805 2024 1035 2066 Dominum
1059 2031 1250 2064 nostrum
1273 2020 1420 2062 Jesum

60 2091 110 2134 'in
130 2095 390 2148 Hierusalem
404 2126 415 2142 ,
440 2103 488 2136 ut
511 2089 711 2145 offerrent
732 2094 911 2136 Domino
935 2093 1171 2134 secundum
1193 2091 1329 2147 legem
1344 2122 1356 2138 ,
1379 2097 1421 2130 et

60 2162 217 2205 ¹darent
243 2164 424 2206 hostiam
444 2163 519 2222 par
544 2172 752 2207 turturum
768 2196 778 2212 ,
811 2172 880 2205 aut
905 2164 1008 2204 duos
1036 2164 1172 2220 pullos
1201 2157 1423 2202 columba—

69 2234 215 2283 rum23
241 2251 290 2277 eo
310 2237 422 2292 quod
443 2235 485 2276 in
513 2236 708 2277 columba
737 2233 928 2291 spiritalis
953 2233 1081 2290 gratia
1100 2232 1152 2274 sit
1167 2264 1177 2280 ,
1199 2231 1241 2272 in
1259 2238 1421 2271 turture

71 2305 327 2364 incorruptae
360 2305 635 2363 generationis
660 2314 807 2347 natura
823 2336 834 2352 ,
864 2305 931 2346 vel
956 2301 1217 2344 immaculati
1239 2299 1423 2357 corporis

74 2377 332 2419 castimonia.
358 2376 505 2418 Merito
523 2390 620 2433 ergo
643 2376 694 2417 ad
714 2373 966 2416 sacrificium
983 2373 1186 2430 jubentur
1205 2378 1299 2428 post
1317 2369 1423 2411 arie-

72 2455 160 2490 tem
177 2455 318 2489 turtur
340 2455 382 2489 et
402 2447 599 2489 columba
616 2445 744 2494 sumi,
770 2454 817 2487 ut
836 2444 964 2486 verbo
989 2443 1202 2485 adhaerere
1223 2439 1427 2496 intelligas

73 2517 366 2577 incorruptam
387 2517 701 2565 castimoniam,
730 2523 770 2557 et
795 2514 1021 2572 spiritalem
1048 2511 1236 2572 gratiam.
1271 2510 1324 2554 Et
1349 2509 1430 2554 hoc

119 2618 130 2636 ¹
153 2609 229 2645 lsai.
250 2620 320 2648 mn,
335 2622 368 2653 7.
386 2627 424 2637 ·-
443 2617 455 2633 ²
474 2609 553 2643 Luc.
569 2616 604 2649 n,
624 2618 676 2648 υ,
693 2612 724 2644 et
739 2616 829 2651 seqq.
