1742 3233
335 236 418 278 582
872 248 902 275 s.
940 245 1131 274 Ammosu

331 325 572 369 substantiae
593 325 733 367 locare
752 323 939 371 videtur,
964 323 1038 364 ubi
1059 321 1335 365 habitandum
1355 321 1574 379 putaverit.
1598 323 1681 364 Ita—

333 412 413 453 que
445 395 515 451 qui
547 402 609 436 est
632 402 752 435 terra:
780 394 922 435 accola
938 425 949 442 ,
975 392 1185 434 habitator
1212 392 1305 433 coeli
1328 400 1391 434 est
1415 406 1424 433 ε
1450 391 1521 450 qui
1542 400 1683 434 autem

335 465 544 508 habitator
562 472 683 505 terrze
698 496 708 512 ,
731 478 941 521 possessor
966 470 1028 504 est
1048 461 1204 504 mortis.

391 535 521 578 XLII.
541 552 556 572 «
578 533 822 576 Numeravit
837 533 997 575 Abram
1016 540 1226 574 trecentos
1248 533 1397 574 decem
1417 540 1460 574 ct
1480 540 1578 574 octo
1599 547 1687 574 ver-

335 607 537 647 »naculos
569 619 688 652 suos,
721 611 762 645 et
785 603 990 660 percussit
1019 617 1107 651 eos,
1131 610 1172 644 et
1200 610 1445 659 persecutus
1475 610 1690 658 estusque

338 675 513 717 »Choba
527 706 538 723 ,
560 688 651 730 quse
668 674 800 714 estad
823 674 1011 714 dextram
1034 672 1229 714 Damasci
1248 671 1278 714 ¹.
1307 673 1388 714 »Et
1414 687 1616 714 numerus
1637 672 1691 714 vi-

339 745 430 786 talis
446 752 521 785 est.
544 744 591 784 In
613 743 702 799 ipso
719 741 831 783 enim
853 743 936 784 vita
950 775 960 790 ,
985 742 1018 783 si
1037 743 1257 784 credamus
1280 741 1320 783 in
1339 742 1530 799 passione
1552 741 1594 783 in
1615 757 1694 783 no—

341 953 536 996 Damasei
552 952 728 1009 pulchre
740 967 828 994 esse
844 951 1012 994 dicitur.
1027 951 1136 1009 Agni
1149 953 1262 994 enim
1273 953 1325 994 ad
1339 954 1568 1000 dexteram,
1582 950 1697 994 hoedi

344 1026 397 1067 ad
418 1024 640 1066 sinistram.
669 1023 756 1066 Scit
784 1023 1008 1065 exercitata
1031 1037 1150 1064 mens
1176 1038 1280 1079 quos
1310 1025 1363 1065 ad
1383 1023 1573 1080 praelium
1595 1037 1698 1064 con-

345 1096 643 1136 summandum
666 1094 744 1135 sibi
768 1094 1011 1142 adhiberet,
1031 1093 1184 1150 quibus
1207 1093 1331 1135 armis
1353 1093 1592 1141 instrueret,
1612 1091 1700 1148 qui-

345 1166 424 1206 hus
445 1166 572 1207 ducat
593 1164 763 1206 vexillis.
791 1164 883 1207 Non
911 1164 1144 1220 aquilarum
1171 1163 1339 1221 praesert
1355 1163 1555 1221 imagines
1582 1162 1670 1218 (53)
1688 1195 1699 1211 ,

346 1249 425 1276 nec
444 1235 646 1275 dracones
667 1248 675 1274 :
697 1234 770 1274 sed
791 1233 833 1274 in
850 1247 978 1274 cruce
997 1233 1167 1281 Christi,
1187 1241 1229 1275 et
1246 1233 1287 1274 in
1301 1232 1325 1274 J
1330 1248 1403 1274 esu
1420 1232 1590 1275 nomine
1610 1247 1703 1289 pro-

348 1304 535 1360 greditur
559 1304 610 1345 ad
631 1303 822 1361 praelium
837 1336 848 1352 ,
873 1303 955 1345 hoc
978 1303 1094 1359 signo
1117 1302 1251 1352 sortis,
1277 1302 1358 1344 hoc
1378 1303 1527 1345 vexillo
1550 1301 1696 1344 fidelis.

347 1375 495 1417 Merito
510 1390 608 1432 ergo
625 1389 744 1416 mens
761 1374 1004 1422 exercitata,
1018 1389 1110 1430 quae
1127 1374 1286 1431 recepit
1303 1389 1442 1415 veram
1460 1373 1704 1431 sapientiam

349 1443 544 1500 justixiri.
559 1443 583 1486 J
587 1443 726 1485 ustitia
740 1451 879 1485 autem
897 1444 1025 1484 solers
1046 1443 1321 1500 correptionis
1339 1451 1417 1492 est,
1432 1458 1478 1485 ac
1492 1444 1704 1501 arguendo

351 1521 522 1555 revocat
544 1520 789 1570 peccatores
804 1545 814 1561 ‚
841 1520 882 1554 et
909 1512 1074 1570 stringit
1099 1513 1339 1570 passionum
1361 1513 1553 1571 impetus.

408 1583 558 1626 XLIII.
597 1584 696 1625 Ideo
725 1583 826 1624 dicit
852 1583 1093 1640 Scriptura,
1125 1583 1221 1639 quia
1246 1601 1260 1621 «
1282 1583 1508 1627 Revocavit
1537 1598 1707 1625 omnem

352 1644 614 1709 »efluitatum
641 1653 941 1701 Sodomorum,
967 1653 1077 1695 »hoc
1094 1661 1172 1702 est,
1201 1653 1386 1696 habenas
1408 1654 1565 1702 tenuit,
1591 1653 1709 1695 frena

353 1724 524 1765 rationis
538 1723 752 1780 imposuit,
771 1723 981 1765 revocavit
995 1725 1179 1781 culpam,
1199 1724 1344 1766 stravit
1356 1723 1709 1779 errorem.Equus

353 1793 464 1835 enim
493 1801 602 1835 stare
634 1794 792 1842 nescit,
817 1795 937 1835 velox
958 1794 1010 1836 ad
1036 1793 1265 1851 impetum,
1290 1793 1498 1836 cervicem
1525 1794 1710 1835 ex'altans

354 1879 497 1911 suam,
529 1864 724 1905 hinniens
753 1866 806 1906 ad
838 1864 1069 1906 libidinem.
1108 1864 1222 1916 Quid
1248 1873 1333 1907 tam
1355 1863 1488 1906 simile
1517 1863 1711 1922 peccati?

353 1934 505 1976 Fervet
529 1935 640 1975 enim
660 1935 796 1992 primo
823 1937 947 1992 culpa
966 1935 1149 1992 impetu,
1175 1943 1218 1976 et
1241 1950 1410 1976 omnem
1432 1935 1536 1977 recti
1553 1934 1712 1992 cogita—
1733 1950 1734 1953 ¹

356 2004 513 2045 tionem
535 2005 755 2061 prasi-enit,
781 2013 983 2061 motuque
1001 2005 1226 2047 immaturo
1251 2004 1386 2054 exilit,
1412 2012 1458 2047 ut
1486 2020 1580 2047 eam
1603 2004 1713 2046 diffi-

357 2074 436 2116 cile
459 2074 563 2116 ratio
591 2089 790 2117 revocare
807 2075 947 2133 possit.
977 2075 1129 2117 Fertur
1157 2076 1197 2117 in
1218 2091 1428 2134 praeceps,
1455 2083 1496 2118 et
1518 2091 1713 2117 ascenso-

357 2159 446 2185 rem
462 2160 583 2185 suum
602 2144 770 2202 projicit
793 2145 834 2187 in
857 2161 973 2188 mare
995 2145 1107 2188 istud
1128 2145 1254 2202 hujus
1278 2145 1434 2195 saeculi,
1458 2145 1622 2188 cervice
1644 2154 1715 2187 tu-
1740 2198 1742 2202 Ι

358 2215 470 2256 mida
496 2230 694 2258 recusans
715 2216 863 2274 jugum
896 2217 1185 2274 correptionis.
1209 2216 1282 2259 Est
1310 2216 1499 2274 specialis
1524 2217 1714 2273 quaedam
1740 2230 1742 2234 ⁴

357 2285 490 2327 forma
512 2286 722 2335 libidinis,
747 2302 840 2343 quae
861 2302 1008 2328 vocem
1030 2295 1165 2329 mutet
1188 2286 1368 2329 hominis
1384 2319 1394 2336 ,
1417 2286 1546 2328 verba
1569 2300 1716 2327 aman-

359 2354 410 2396 tis
438 2364 695 2413 corrumpat,
722 2357 890 2413 suisque
912 2372 955 2399 se
977 2358 1128 2414 prodat
1146 2357 1425 2399 sermonibus.
1455 2355 1647 2413 Denique
1665 2355 1717 2396 ad

360 2423 515 2466 judam
537 2440 612 2482 per
635 2426 891 2468 Hieremiam
909 2426 1010 2472 dicit
1031 2426 1238 2469 Dominus
1258 2427 1370 2469 Deus
1394 2443 1436 2475 3«
1457 2425 1578 2470 Nunc
1608 2425 1719 2467 vide-

362 2511 376 2531 ·
391 2493 504 2536 bitur
526 2495 754 2552 ignominia
777 2505 864 2546 tua,
890 2505 931 2539 et
949 2498 1200 2540 adulterium
1224 2506 1361 2546 tuum,
1383 2506 1426 2541 et
1448 2497 1652 2544 hinnitus,
1676 2503 1722 2537 et

409 2591 417 2605 ³
444 2584 525 2617 Gen.
546 2596 614 2622 xiv,
635 2585 683 2624 24,
705 2589 751 2618 15.
