1742 3233
295 281 382 331 564
838 292 868 319 s·
909 292 1099 319 111111110511

293 371 347 412 ita
377 384 493 411 mens
524 367 701 408 invalida
735 366 944 423 sapientiae
976 368 1180 423 fulgorem
1202 381 1286 407 non
1309 366 1496 408 sustinet.
1524 367 1644 409 Tales

291 447 409 482 erant
424 437 644 484 Geraseni,
665 436 734 492 qui
752 437 953 493 rogabant
976 444 1022 476 ut
1044 436 1239 477 transiret
1256 437 1306 477 dc
1328 435 1479 478 fluibus
1497 451 1647 478 eorum

295 510 500 553 Dominus
520 507 681 549 Jcsus¹.

349 579 483 623 XVII.
533 578 723 634 Denique
765 585 805 618 et
836 577 910 619 iste
938 593 1009 619 rex
1032 577 1200 633 ,Egypti
1233 577 1287 618 ait
1319 578 1367 617 ad
1400 575 1642 617 Abraham:

304 667 318 687 ι(
333 649 446 700 Quid
464 649 545 690 hoc
567 648 698 689 fecisti
716 647 848 688 mihi?
867 649 1007 698 Quare
1025 662 1109 688 non
1135 646 1269 688 dixisti
1290 647 1390 687 mihi
1423 646 1517 702 quia
1542 660 1648 686 uxor

288 728 390 761 »tua
423 727 485 759 est
517 733 525 758 :
552 720 624 759 sed
659 717 794 759 dixisti
828 718 922 773 quia
950 734 1067 759 soror
1100 726 1168 758 tua
1202 727 1286 765 est,
1315 725 1356 758 ct
1387 732 1647 773 sumpseram

287 788 419 830 »mihi
438 803 610 829 uxorem
624 787 641 828 Ξ)
654 788 828 828 Etnunc
851 802 950 828 ecce
975 788 1125 829 mulier
1143 796 1211 847 tua
1229 795 1324 828 ante
1342 796 1380 828 te
1396 820 1404 832 ,
1427 787 1584 843 accipe,
1603 795 1646 828 ot

287 878 302 899 »
318 857 651 900 recurrehinc2.»
666 858 908 899 lutueamur
924 858 1061 898 animo
1077 859 1423 915 intemlwrantem
1436 858 1615 913 aliquem
1632 889 1643 905 ‚

291 930 361 987 qui
385 929 558 970 intuitus
581 928 780 969 castitatis
804 928 981 984 gratiam
1006 930 1186 984 quodam
1214 937 1359 985 captus
1382 928 1471 983 ejus
1493 929 1648 969 decore

286 1003 540 1058 sequendam
560 1008 690 1056 putet.
713 999 873 1040 Deinde
891 999 1159 1056 pedissequas
1183 1000 1274 1055 ejus
1292 999 1480 1041 nesciens
1498 998 1650 1054 quibus

288 1072 488 1114 comitata
512 1070 691 1118 incedit,
719 1078 760 1111 et
784 1070 931 1126 stipata
956 1070 1122 1111 advenit
1139 1103 1147 1117 ‚
1173 1070 1441 1111 sobrietatem
1466 1069 1646 1116 seilicet,

284 1142 533 1183 modestiam
582 1156 628 1181 ac
662 1139 959 1181 verecundiam
976 1172 986 1188 ,
1025 1140 1325 1197 parcimoniam
1366 1140 1447 1181 cibi
1462 1171 1471 1187 ,
1508 1139 1651 1196 sugam

286 1212 485 1259 lasciviae,
506 1210 793 1267 procacitatis,
819 1211 1057 1266 petulantiae
1073 1243 1081 1258 ‚
1107 1211 1347 1251 cautionem
1370 1209 1538 1256 seriam,
1561 1209 1648 1249 sol—

285 1282 443 1324 licitam
469 1279 721 1327 custodiam,
747 1279 885 1320 subito
905 1287 975 1320 aut
996 1270 1210 1321 ebrietatis
1234 1295 1459 1321 succensus
1477 1280 1616 1320 calore
1631 1311 1642 1326 ,

294 1359 367 1392 aut
390 1351 516 1408 ipsius
540 1349 674 1391 caruis
697 1356 824 1397 aestu,
851 1357 920 1390 aut
936 1364 1116 1391 occursu
1136 1351 1280 1391 sormae
1303 1349 1554 1392 decentioris
1577 1364 1653 1390 ne-

288 1436 499 1479 quaquam
513 1436 555 1462 se
573 1428 735 1468 teneat,
756 1435 834 1461 nec
852 1419 931 1477 legi
951 1420 1086 1461 carnis
1105 1428 1331 1477 repugnet3
1353 1435 1490 1461 nonne
1510 1419 1609 1460 dicit
1633 1434 1645 1459 τ

300 1490 469 1534 «Putavi
492 1504 579 1532 rem
602 1489 855 1538 sacillorem,
883 1490 1173 1531 castimoniam
1187 1490 1304 1547 sequi
1327 1505 1334 1531 :
1358 1506 1478 1547 supra
1498 1490 1652 1531 hume-

292 1578 360 1603 ros
383 1577 522 1609 meos,
548 1576 671 1617 supra
696 1560 801 1602 vires
826 1575 939 1601 meas
964 1569 1038 1602 est.
1066 1561 1198 1603 Rarus
1221 1560 1287 1601 eui
1312 1560 1386 1602 ista
1405 1559 1647 1617 jungantur.

290 1631 392 1673 Vale
411 1631 578 1672 castitas
593 1663 602 1679 ,
619 1631 770 1672 recede
784 1662 795 1678 ,
816 1630 964 1671 recede
983 1633 1035 1672 de
1054 1629 1208 1672 finibus
1225 1646 1424 1672 sensuum
1443 1645 1647 1672 meorum.

288 1702 476 1746 Recurre
497 1701 580 1743 cito
608 1715 657 1742 eo
687 1702 798 1742 unde
821 1701 905 1742 hue
932 1701 1081 1742 venisti
1112 1717 1120 1742 ε
1152 1717 1235 1743 non
1270 1701 1453 1743 sustineo
1478 1716 1658 1758 prseseu-

290 1771 390 1813 tiam
408 1779 524 1812 tuam
539 1804 548 1820 ,
570 1770 731 1827 affligor
748 1771 944 1827 gravibus
958 1772 1258 1827 quaestionibus
1276 1805 1285 1820 ,
1307 1772 1406 1812 dum
1430 1773 1655 1812 tenendam

290 1850 332 1884 te
355 1842 550 1890 arbitror,
577 1856 705 1897 quam
729 1849 874 1883 tenere
899 1857 983 1883 non
1006 1858 1189 1900 possum.
1213 1861 1228 1881 »

351 1911 510 1954 XVIII.
551 1911 786 1952 Conversus
816 1912 965 1953 deinde
998 1914 1048 1953 ad
1083 1913 1262 1968 aliquem
1287 1912 1539 1954 monitorem
1568 1911 1653 1960 sui,

294 1983 366 2040 qui
388 1982 593 2024 studuerit
619 1983 660 2023 in
685 1983 775 2039 ejus
797 1991 983 2024 mentem
1008 1983 1208 2025 inducere
1233 1984 1544 2025 assuetudinem
1562 1998 1656 2024 cas-

294 2054 499 2102 timoniae,
539 2055 718 2111 allegans
747 2068 831 2095 non
865 2055 1039 2095 arduam
1070 2054 1179 2103 sore,
1215 2070 1292 2096 nec
1328 2053 1654 2111 impossibilem,

297 2127 369 2167 sed
402 2125 591 2182 pluribus
620 2124 799 2173 sociam,
831 2123 1051 2165 finitimam
1082 2124 1305 2173 studiosis,
1336 2124 1658 2166 convenientem

298 2195 559 2237 voluntariis.
580 2213 595 2234 α
614 2194 727 2246 Quid
749 2195 829 2237 hoc
847 2227 857 2243 ,
878 2193 1032 2251 inquit,
1067 2192 1200 2236 fecisti
1233 2194 1367 2235 mihi?
1401 2193 1541 2245 Quare
1572 2208 1657 2235 non

301 2285 318 2306 »
333 2265 470 2308 dixisti
485 2265 693 2322 mihiquia
704 2280 808 2306 uxor
821 2273 889 2307 tua
907 2264 996 2306 est?
1011 2283 1024 2302 »
1040 2265 1127 2306 Hoc
1140 2273 1216 2313 est,
1239 2280 1330 2321 quae
1352 2279 1434 2305 non
1457 2263 1660 2321 perfunc-

302 2335 434 2384 toritz,
470 2335 542 2376 sed
572 2335 755 2393 legitimo
785 2342 977 2377 teneatur
1004 2334 1223 2392 conjugio,
1255 2349 1399 2376 secum
1431 2333 1659 2375 maximam

303 2406 430 2447 vehat
462 2407 623 2451 dotem,
659 2420 749 2461 quse
782 2405 950 2447 invehat
978 2405 1113 2463 gravia
1147 2421 1274 2447 onera
1304 2403 1586 2451 matrimonii,
1617 2410 1661 2444 et:

310 2477 424 2517 durae
446 2475 580 2516 soenus
602 2476 910 2532 conjunctionis
931 2491 939 2517 :
961 2477 1033 2517 sed
1055 2476 1193 2517 dixisti
1219 2491 1430 2529 sororem,
1451 2474 1575 2516 nullis
1600 2488 1660 2515 as-

309 2545 476 2588 trictam
497 2546 657 2603 legibus
674 2578 684 2594 ‚
708 2554 920 2588 etnaturae
938 2546 1092 2588 sociam
1107 2580 1117 2596 ,
1138 2562 1223 2588 uon
1245 2547 1339 2604 jure
1358 2546 1494 2603 aliquo
1513 2543 1660 2586 dotalis

360 2641 369 2657 ¹
388 2635 506 2669 Mauh.
522 2646 591 2676 vm,
606 2635 657 2675 34.
678 2655 718 2660 -
737 2646 748 2661 ²
768 2636 849 2670 Gen.
866 2648 926 2679 λιι,
950 2637 997 2677 18,
1021 2649 1070 2680 ¹9·
