1742 3233
332 269 416 311 510
873 282 903 308 s.
944 281 1133 310 AMBRosu

328 374 471 408 anem,
496 358 646 414 inquit,
670 355 864 402 ‘Iordanis
877 374 888 406 ;
918 359 1014 414 quia
1037 365 1122 398 tota
1141 356 1378 414 rigabatur,
1401 367 1443 401 et
1461 367 1552 401 erat
1571 360 1679 402 sicut

328 445 344 468 ι
357 427 569 485 paradisus
580 427 658 470 Dei
669 425 698 468 ¹.
718 426 998 483 »Plerumque
1014 426 1292 484 possessiones
1308 427 1537 470 obveniunt
1553 428 1679 479 haere-

330 498 503 546 ditariae,
523 497 611 539 aliae
631 496 834 546 utiliores,
859 497 947 539 aliae
965 496 1224 541 amoeniores.
1249 496 1341 538 Non
1360 497 1503 553 utique
1524 497 1568 539 in
1587 511 1680 553 por-.
1740 531 1742 534 Α

328 567 441 609 tione
462 568 654 609 secundae
674 575 771 611 sunt
799 565 915 623 (35).
954 566 1060 608 Nam
1087 565 1233 623 incipit
1265 566 1400 615 minui
1422 567 1682 624 singularum

327 637 538 679 meritum.
574 636 658 678 Sed
685 636 718 677 si
739 651 824 676 non
845 643 1005 691 queunt
1033 643 1172 691 partes
1192 636 1245 684 de
1267 635 1504 677 utilioribus
1524 648 1682 681 conve-

329 707 436 755 nire,
468 706 737 747 conferantur
765 719 938 746 amoenae
971 705 1222 747 utilioribus.
1257 705 1429 747 Diversa
1460 705 1680 752 hominum

329 775 493 833 ingenia
509 784 606 816 sunt
623 789 634 816 :
661 775 761 815 alios
777 773 910 823 utilia,
930 775 1029 816 alios
1047 790 1209 816 amoena
1228 775 1452 817 delectant.
1474 773 1684 816 Infirmior

329 844 556 886 amoeniora
586 843 715 899 eligit,
749 842 915 884 utiliora
951 843 1120 885 fastidit.
1166 843 1342 886 Villicus
1379 859 1683 900 nonnunquam

271 939 277 943 ·
327 913 439 955 utilis
456 921 533 960 est,
550 913 617 955 vel
633 921 748 954 actor
764 913 851 969 agri
872 911 961 968 (36)
985 913 1200 954 confertur
1223 914 1398 956 urbano.
1422 914 1466 956 Si
1485 913 1684 971 insipiens

327 983 377 1024 sit
394 984 552 1024 elector
569 990 640 1024 aut
659 996 812 1023 cocum
829 981 960 1038 eligit,
988 991 1059 1024 aut
1079 984 1267 1024 vocalem
1291 999 1418 1040 quem
1438 983 1685 1033 venustioris

328 1053 469 1110 gratiae
486 1060 620 1110 putat,
645 1051 797 1094 refutat
818 1052 1043 1094 utiliorem.
1066 1052 1318 1109 Plerumque
1336 1053 1463 1101 etiam
1480 1053 1554 1094 ubi
1570 1052 1687 1099 sruc-

324 1132 393 1166 tus
414 1140 499 1166 non
519 1124 698 1180 impares
718 1131 830 1171 sunt,
850 1122 1097 1179 prudentior
1118 1123 1346 1165 amoeniora
1371 1116 1567 1166 declinat.
1592 1116 1684 1173 Cito

327 1193 526 1235 invidiam
558 1202 744 1241 movent,
778 1190 862 1234 cito
883 1193 926 1234 in
954 1208 997 1233 se
1019 1193 1203 1234 excitant
1227 1201 1414 1234 mentem
1447 1193 1574 1236 avari.
1607 1192 1684 1242 Hic

327 1270 468 1304 tamen
488 1262 594 1304 nihil
620 1261 721 1304 dixit
740 1261 957 1317 Scriptura
989 1262 1042 1302 de
1071 1276 1120 1302 eo
1152 1262 1265 1316 quod
1299 1261 1378 1303 alia
1404 1276 1500 1318 pars
1524 1261 1680 1312 utilior,

331 1333 408 1374 alia
441 1332 643 1373 amoenior
673 1331 822 1380 sucrit3
856 1345 909 1372 nc
941 1331 1079 1372 studio
1113 1331 1328 1381 Abraham
1358 1332 1520 1388 cepisse
1539 1332 1684 1374 oculos

329 1403 604 1445 adolescentis
624 1403 848 1444 videretur.
874 1401 1094 1444 Amoenam
1116 1409 1280 1458 partem
1297 1416 1424 1447 unam
1446 1401 1680 1458 descripsit,

326 1487 413 1513 non
436 1472 594 1514 addidit
611 1473 785 1514 alteram
805 1470 1031 1513 utiliorem.
1059 1470 1241 1514 Necesse
1262 1479 1420 1518 crat.ut
1440 1472 1493 1512 de
1515 1479 1604 1521 tota
1623 1486 1684 1519 re-

327 1542 448 1599 gione
469 1543 570 1583 duas
593 1549 730 1600 partes
751 1541 907 1583 faceret
927 1556 936 1582 ε
960 1540 1113 1583 deinde
1129 1541 1366 1598 praesentia,
1386 1556 1474 1587 non
1492 1540 1682 1591 absentia

325 1611 551 1654 dividebat.
581 1613 670 1654 Una
690 1611 804 1668 regio
825 1625 978 1667 capere
998 1618 1226 1667 utrumque
1249 1626 1335 1653 non
1356 1619 1533 1668 poterat.
1556 1610 1682 1663 Quod

326 1682 463 1739 potuit
478 1697 653 1725 summae
668 1697 757 1724 esse
773 1681 959 1738 justitiae,
977 1680 1227 1728 electionem
1244 1681 1410 1732 obtulit.

391 1752 504 1796 XIV.
542 1751 623 1794 Lot
635 1765 851 1797 ,amoenam
873 1750 1011 1807 elegit,
1046 1765 1138 1806 quae
1161 1751 1246 1793 cito
1267 1750 1516 1807 praedonum
1537 1752 1681 1793 oculos

329 1823 518 1868 incurrit.
536 1821 645 1864 Hinc
664 1820 824 1864 bellum
846 1820 954 1862 inter
975 1834 1110 1876 reges,
1127 1819 1469 1862 *adversariorum
1486 1819 1676 1870 victoria,

324 1896 561 1939 incolarum
580 1890 812 1948 captivitas.
838 1890 984 1946 Itaque
1005 1889 1132 1931 ctiam
1153 1889 1231 1931 Lot
1252 1888 1492 1932 infirmioris
1513 1890 1680 1933 consilii

325 1966 509 2025 pretium
533 1962 626 2010 luit,
650 1975 734 2003 non
755 1969 961 2003 terrarum
984 1959 1316 2009 infoecunditate,
1336 1961 1410 2013 sed
1429 1960 1679 2002 amoenitatis

319 2034 478 2078 invidia
500 2035 714 2089 deceptus,
733 2039 781 2072 ut
794 2030 921 2072 etiam
939 2030 1027 2087 ipse
1044 2029 1230 2086 captivus
1249 2030 1554 2079 abduceretur3
1574 2044 1680 2086 quo-

321 2105 439 2147 niam
460 2103 560 2145 vitio
574 2100 731 2144 servilis
754 2099 950 2157 nequitiae
971 2115 992 2141 a
1014 2098 1176 2156 potiore
1198 2098 1440 2148 deflexerat,
1459 2108 1501 2142 et
1515 2107 1678 2156 partem

322 2172 742 2232 flagitiosissimorum
772 2171 976 2227 elegerat;
1012 2168 1196 2210 Sodoma
1228 2169 1341 2210 enim
1367 2169 1532 2211 luxuria
1554 2177 1679 2226 atque

321 2244 492 2289 lascivia
512 2251 587 2285 est.
614 2242 798 2297 Ideoque
820 2239 1044 2282 declinatio
1067 2239 1194 2281 latina
1215 2240 1561 2297 interpretatione
1580 2238 1678 2281 dici-

324 2323 394 2357 tur
427 2312 520 2361 Lot,
553 2313 667 2368 quod
686 2311 719 2352 is
741 2310 838 2357 vitia
860 2308 976 2366 eligit
1005 2309 1077 2365 qui
1103 2324 1124 2350 a
1150 2309 1304 2351 virtute
1325 2309 1523 2359 declinat,
1553 2317 1595 2352 et
1624 2308 1675 2349 ab

323 2383 518 2440 aequitate
544 2380 742 2422 deflectit.

382 2450 472 2496 XV.
521 2451 646 2502 «Quo
664 2457 880 2506 comperto
896 2448 1109 2491 Abraham
1127 2449 1363 2500 numeravit
1379 2449 1564 2492 servulos
1580 2462 1675 2490 suos

320 2536 342 2564 a
354 2521 599 2565 vernaculos
611 2519 625 2541 ²
642 2536 653 2570 3
668 2527 741 2562 »et
765 2532 863 2561 cum
880 2519 1079 2562 trecentis
1099 2519 1248 2563 decem
1263 2527 1306 2563 et
1321 2527 1416 2564 octo
1432 2517 1530 2565 viris
1547 2516 1650 2573 adep
1667 2543 1675 2548 -

367 2621 380 2657 ‚¹
400 2613 484 2662 §em
505 2621 577 2657 xm!
597 2621 645 2659 ιφ.
665 2627 707 2659 ⁸:
722 2618 734 2635 ²
755 2609 807 2646 ld.
825 2619 897 2650 xiv,
914 2609 965 2648 ¹4·
