1742 3233
546 285 878 325 ASNOTATIOFESJ·
1305 279 1389 323 625

400 487 642 516 ANNOTATIO
679 472 768 530 (26)
804 488 895 531 pag.
934 472 1029 516 368.

105 654 198 698 Non
226 664 393 698 moveat
418 658 532 713 quod
555 659 697 700 locum
720 656 834 699 hunc
857 659 1026 700 nomine
1062 657 1255 701 Jercmiae
1297 660 1399 703 cila-

47 732 137 766 tum
167 740 251 767 non
278 726 356 768 nisi
381 727 422 768 in
450 727 674 784 Prophe-tia
705 728 873 770 Baruch
906 729 1089 786 reperire
1112 731 1175 772 sit.
1204 731 1264 772 Ita
1291 731 1401 771 enim

45 795 242 838 ultimum
266 797 380 839 hunc
401 798 617 840 laudatum
634 814 722 840 esse
740 801 849 856 apud
868 800 1070 856 plurimos
1086 810 1269 849 constat,
1290 802 1402 857 quod

48 865 80 907 is
107 875 218 909 esset
237 867 430 911 Jeremiae
453 868 667 912 convictor
681 885 729 912 ac
753 871 951 913 notarius.

405 1081 650 1111 Amorum
688 1067 790 1124 (27)
814 1083 905 1124 pag.
946 1067 1042 1122 378.

108 1259 143 1303 A
168 1259 291 1301 nobis
308 1259 535 1316 impetrare
556 1273 638 1299 non
657 1272 902 1315 possumus,
928 1267 974 1300 ut
995 1258 1120 1316 hujus
1146 1261 1282 1318 operis
1304 1260 1408 1304 divi—

54 1331 215 1372 sionem
235 1330 285 1371 al)
304 1328 527 1370 Ambrosio
543 1328 777 1386 profectam
795 1328 1058 1372 arbitremur.
1074 1330 1279 1374 Malumus
1297 1333 1410 1374 illam

53 1400 246 1442 tribuere
282 1399 411 1441 sciolo
445 1398 648 1456 cuipiam,
679 1398 750 1454 qui
789 1413 886 1440 cum
920 1402 1118 1457 pleraque
1150 1403 1314 1452 omnia,
1359 1405 1410 1446 de

53 1470 208 1526 quibus
244 1470 356 1526 apud
382 1469 601 1511 Philonem
625 1469 740 1511 libris
763 1470 926 1511 duobus
955 1471 1104 1528 agitur,
1130 1472 1170 1513 in
1197 1472 1277 1514 hoc
1300 1482 1410 1515 trac-

53 1548 146 1582 tatu
170 1539 379 1581 contineri
408 1541 665 1588 adverteret,
696 1554 793 1581 eum
814 1555 981 1596 quoque
1003 1541 1194 1584 bis-<iriam
1225 1543 1413 1586 dividen-

0 1625 1 1630 ’
59 1611 162 1652 dum
186 1625 276 1651 esse
298 1609 533 1667 judicavit:
564 1611 636 1651 sed
663 1610 766 1651 adeo
793 1620 1045 1668 praepostere
1067 1612 1169 1654 illud
1195 1615 1409 1670 praestitit,

51 1687 101 1721 ut
118 1680 175 1721 ibi
193 1679 381 1737 posuerit
403 1680 576 1721 secundi
598 1679 692 1721 libri
715 1680 904 1729 initium,
930 1682 1002 1723 ubi
1024 1697 1076 1723 ne
1099 1692 1225 1740 caput
1243 1685 1413 1740 quidem

57 1748 244 1807 incipere
277 1757 510 1806 oporteret.
545 1749 688 1806 Longe
720 1765 816 1790 sane
849 1751 1111 1793 commodius
1141 1753 1189 1793 ab
1224 1769 1273 1795 eo
1294 1756 1412 1802 loco,

51 1818 125 1859 ubi
163 1818 225 1859 vir
259 1826 428 1860 sanctus
457 1819 507 1859 ad
539 1820 745 1875 agendum
776 1819 826 1861 de
860 1821 1045 1862 secundo
1075 1821 1267 1863 sacrificii
1297 1823 1415 1864 Caini

52 1888 155 1930 vitio
180 1889 437 1945 aggreditur,
465 1888 631 1930 initium
652 1891 826 1932 duceret
846 1892 1054 1933 secundus
1075 1892 1192 1935 liber.
1223 1893 1330 1935 Cum
1347 1909 1412 1935 au-

60 1966 146 2000 tem
177 1958 323 2001 divisio
360 1958 456 2006 illa‘,
482 1959 557 2000 etsi
586 1959 780 2008 absurda,
800 1960 850 2001 ab
875 1961 1152 2016 antiquissimi
1174 1963 1248 2004 aevi
1265 1979 1416 2005 manu—

58 2028 227 2086 scriptis
240 2028 293 2070 ad
308 2028 542 2070 editionum
559 2037 747 2086 tempora
765 2032 1016 2087 pervenerit,
1029 2048 1103 2074 nos
1120 2048 1286 2089 quoque
1304 2050 1414 2083 eam,

62 2113 116 2139 ne
143 2113 224 2155 qua
255 2098 299 2140 in
327 2098 599 2141 citationibus
627 2099 816 2141 confusio
846 2101 1023 2151 oriatur,
1059 2103 1297 2146 censuimus
1324 2119 1413 2146 esso

55 2167 351 2226 retinendam4
455 2205 478 2209 .>

416 2363 663 2392 mix-omno
701 2348 790 2406 (28)
826 2365 916 2407 pag.
956 2351 1053 2407 439.

40 2590 43 2593 Δ
103 2589 107 2592 ,
127 2537 221 2583 Mss.
246 2535 371 2579 Corb.
394 2544 436 2578 et
448 2536 538 2579 Vat.
555 2537 659 2592 quia
671 2536 804 2594 alpha
816 2545 875 2578 est
887 2535 945 2577 ad
957 2536 1316 2589 similitudinem,
1334 2550 1416 2583 etce

67 2607 175 2654 Hinc
205 2607 326 2651 nobis
349 2607 514 2652 videtur
537 2623 558 2651 a
579 2621 675 2651 vero
695 2622 780 2656 non
803 2606 1029 2654 abhorrere
1056 2608 1211 2666 aliquid
1232 2611 1346 2668 prius
1371 2614 1422 2660 de

213 2693 291 2722 LIV.
1216 2684 1272 2731 lio
