1742 3233
348 247 433 304 576
893 262 923 289 s.
964 264 1154 291 Amnnosn

346 340 488 384 cond-‘c
510 337 683 396 gratiam
707 339 758 379 ad
778 338 985 381 sinistram
1002 340 1147 389 hahet,
1172 356 1262 398 quse
1281 343 1455 400 sapienti
1479 345 1530 386 ad
1552 348 1700 390 dexte-

343 427 432 453 ram
456 417 528 451 est.
560 408 796 465 Longitho
819 409 930 450 enim
957 410 1048 451 vitre
1071 410 1112 451 in
1135 412 1302 453 dextera
1326 413 1429 469 ejus.
1456 414 1700 473 Omnesque

345 480 492 522 animae
519 479 690 520 virtutes
724 478 920 535 insipiens
950 479 1011 520 rir
1039 480 1079 520 in
1107 481 1315 523 sinIstram
1343 483 1486 539 ejicit:
1511 488 1701 542 prudens

345 559 484 592 autem
509 549 570 591 vir
592 549 665 590 has
687 549 763 590 sibi
789 551 839 591 ad
867 552 1081 592 dexteram
1102 553 1234 601 locat,
1265 568 1356 609 quae
1384 563 1523 598 autem
1546 571 1702 614 corpo-

343 620 420 668 ris,
440 620 480 660 in
502 619 725 660 sinistram.

399 688 601 732 XXXIII.
636 688 727 729 «Et
756 689 926 738 levavit,
962 690 1121 747 inquit,
1154 690 1233 734 Lot
1261 694 1430 742 oculos,
1465 703 1506 736 et
1539 696 1702 753 aspexit

341 779 356 799 »
371 774 540 801 omnem
554 759 766 815 regionem
778 757 973 800 Jordanis
987 759 1016 802 ¹.
1036 779 1050 798 »
1064 761 1396 805 Desseetentibus
1411 779 1431 805 a
1445 779 1542 806 vero
1563 767 1699 809 amica

341 829 540 887 jactantia
573 836 635 870 est
658 829 848 885 Denique
870 837 915 870 ut
939 829 1153 872 Abraham
1180 831 1380 874 humilius
1395 866 1405 882 ,
1430 834 1501 890 qui
1524 836 1702 877 electio·

340 915 438 942 nem
466 899 645 941 obtulit:
674 899 728 940 ita
749 899 827 941 Lot
847 899 1114 949 insolentius,
1142 902 1212 957 qui
1245 904 1494 946 electionem
1520 921 1701 963 usurpa-
1740 925 1742 961 ς

340 970 410 1012 vit.
444 970 583 1011 Yirtus
602 985 644 1011 se
662 969 880 1018 humiliat,
904 971 1064 1012 extollit
1092 978 1232 1013 autem
1251 988 1292 1013 se
1310 973 1506 1030 iniquitas
1527 990 1536 1016 :
1562 976 1632 1032 qui
1656 991 1702 1019 se

340 1041 486 1083 debuit
504 1040 770 1082 committere
792 1040 1011 1081 maturiori
1026 1073 1037 1089 ,
1058 1049 1104 1082 ut
1126 1050 1234 1083 esset
1256 1043 1399 1093 tutior,
1430 1044 1608 1101 denique
1630 1046 1701 1088 eli·
1740 1044 1742 1077 ἶ

339 1127 435 1170 gere
461 1110 647 1152 nescivit.
685 1109 789 1152 Nam
817 1110 951 1167 primo
978 1110 1128 1152 levavit
1155 1113 1321 1160 oculos,
1357 1120 1398 1153 et
1433 1114 1592 1171 aspexit
1631 1130 1679 1156 re
1740 1104 1742 1109 ¹

339 1183 529 1240 gioncm,
555 1181 636 1223 hoc
659 1188 740 1228 est,
766 1179 879 1221 illam
898 1196 986 1221 rem
1014 1196 1104 1237 quae
1126 1196 1212 1222 non
1236 1190 1344 1223 esset
1366 1182 1500 1239 prima
1523 1183 1697 1234 ordine,
1741 1228 1742 1256 1

338 1253 409 1294 sed
429 1250 546 1293 tertia
561 1283 572 1298 ,
596 1250 678 1292 hoc
696 1257 778 1298 est,
799 1249 1034 1290 novissima.
1062 1250 1197 1291 Prima
1227 1259 1324 1292 sunt
1350 1251 1462 1293 enim
1485 1267 1576 1308 quae
1601 1261 1703 1296 sunt.
1741 1258 1742 1301 ἒ

339 1322 486 1364 animae
507 1322 618 1362 bona
637 1335 644 1361 :
670 1319 876 1367 secunda,
898 1334 989 1376 quae
1012 1320 1218 1376 corporis,
1240 1321 1283 1362 id
1304 1330 1379 1370 est,
1400 1323 1526 1371 salus,
1546 1323 1696 1374 virtus,

335 1392 633 1451 pulchritudO,
670 1390 814 1437 formae
847 1390 978 1447 gratia
1011 1406 1020 1432 :
1059 1392 1180 1433 tertia
1212 1400 1331 1441 sunt,
1357 1408 1448 1449 quse
1471 1393 1695 1444 accidunt,

335 1463 416 1505 hoc
439 1469 524 1510 est,
551 1461 723 1509 diviiiae,
749 1467 996 1517 potestates,
1029 1461 1162 1518 patria
1179 1494 1189 1509 ,
1220 1462 1366 1511 amici,
1392 1463 1535 1519 gloria.
1565 1463 1698 1521 Regio

336 1534 462 1592 igitur
479 1531 612 1573 ‘tertio
630 1533 724 1573 loco
747 1530 942 1587 ponitur3
967 1538 1029 1572 est
1052 1531 1164 1572 enim
1186 1547 1250 1573 res
1274 1532 1556 1574 habitationis.

391 1601 591 1645 XXXIV.
630 1599 743 1643 Vidit
757 1600 881 1657 igitur
898 1601 1129 1657 regi0nem,
1146 1620 1161 1640 «
1174 1602 1277 1653 Quae
1292 1602 1561 1660 irrigabatur,
1577 1603 1697 1661 prins

333 1687 489 1729 »qnam
523 1678 730 1712 everteret
765 1671 876 1712 Deus
911 1669 1140 1712 Sodomam
1171 1679 1213 1713 et
1245 1672 1551 1722 Gomorrham,
1585 1674 1696 1717 sicut

332 1742 576 1801 »paradisus
597 1741 695 1789 Dei,
720 1748 762 1782 et
789 1749 899 1783 terra
921 1741 1113 1798 AEgypti,
1144 1757 1276 1798 usque
1308 1743 1408 1784 dum
1436 1744 1577 1785 venias
1607 1744 1695 1786 Zo-

329 1831 345 1853 n
362 1812 487 1870 thopa
502 1811 532 1854 ².
556 1831 570 1850 »
596 1812 642 1853 In
664 1814 747 1868 quo
765 1811 840 1852 nisi
865 1811 1084 1869 diligenter
1113 1811 1319 1862 intendis,
1345 1814 1552 1870 numquid
1577 1813 1619 1855 in
1639 1830 1693 1857 eo

329 1899 489 1925 errasse
507 1897 605 1924 enm
631 1881 769 1923 dicere
790 1889 908 1939 potes
925 1914 935 1930 ,
961 1884 1074 1938 quod
1095 1882 1219 1940 elegit
1245 1882 1380 1924 vicina
1401 1883 1617 1933 ‹Iol-danis,
1648 1892 1691 1927 et:

328 1969 377 1996 ea
404 1968 494 2010 quae
518 1952 797 2009 irrigabantur
821 1952 930 1993 sicut
952 1952 1167 2009 paradisus
1194 1952 1302 1994 Dei?
1333 1953 1425 1995 Non
1453 1954 1599 2010 utique
1622 1970 1692 1996 se-

329 2024 515 2066 cundum
542 2022 738 2063 litteram.
772 2020 856 2063 Sed
887 2036 986 2063 cum
1016 2021 1211 2064 <Iordanis
1247 2023 1462 2064 descensio
1498 2024 1687 2074 dicatur,

327 2093 542 2136 descendit
559 2091 630 2148 qui
651 2091 833 2133 deseruit
852 2091 1016 2133 virtutis
1036 2092 1296 2134 consortium
1311 2126 1321 2142 ,
1342 2101 1384 2135 et
1402 2095 1588 2151 speciem
1605 2097 1705 2137 ele—⁷

325 2163 403 2222 git,
432 2178 517 2204 non
542 2161 771 2204 veritatem.
799 2161 1160 2203 Paradisusenim
1182 2162 1379 2220 persectae
1412 2164 1689 2208 beatitudinis

327 2232 544 2276 amoenitas
572 2240 659 2280 est,
693 2231 760 2272 vel
785 2231 932 2272 animae
962 2230 1187 2273 sructuosce
1216 2231 1516 2290 fundamenta,
1538 2233 1579 2275 in
1603 2249 1684 2291 qua

326 2302 537 2361 sapientire
555 2301 658 2350 sint',
681 2300 868 2357 justitiae,
888 2308 1220 2357 caetcrarumque
1237 2301 1440 2343 virtutum
1456 2303 1679 2360 plantaria.

323 2374 450 2416 Terra
483 2379 623 2414 autem
649 2370 817 2428 [Egypti
853 2371 1114 2428 corporalem
1142 2372 1420 2414 substantiam
1450 2372 1682 2431 significat,
1723 2418 1725 2420 ,

324 2444 444 2501 cujus
475 2442 678 2501 plantaria
702 2449 798 2483 sunt
823 2457 992 2490 sensus,
1023 2449 1064 2483 et
1090 2442 1304 2499 passiones
1331 2443 1534 2501 corporis,
1563 2443 1684 2487 Sicut

322 2515 435 2558 enim
454 2514 584 2556 vireta
608 2513 811 2555 virtutum
840 2513 999 2555 sontem
1031 2512 1188 2556 habent
1221 2512 1436 2556 Christum
1452 2546 1463 2564 ,
1490 2521 1530 2556 et
1555 2514 1685 2572 spiri-

368 2614 376 2629 ¹
399 2605 481 2638 Gen.
499 2615 574 2646 xm,
596 2615 699 2638 10.-
715 2603 837 2638 =1bid.
