1742 3233
451 267 501 295 DE
535 264 740 294 Asnaum.
778 265 856 292 Lm.
894 267 937 294 11.
1286 251 1370 296 555

23 343 240 401 'disjungat
266 358 311 385 sc
335 343 386 385 ab
407 342 470 385 his
493 344 648 392 tribus,
679 359 701 384 a
718 358 908 401 corpore,
933 360 953 385 a
973 344 1159 386 sensibus
1176 342 1373 402 corpora-

23 412 148 460 libus,
175 428 195 453 a
217 428 335 462 voce,
356 413 396 454 in
418 414 568 469 quibus
587 421 683 454 sunt
706 428 848 454 omnes
867 414 1052 470 corporis
1068 413 1276 470 passiones
1292 445 1302 461 ,
1329 421 1371 456 et

24 481 432 539 circumscriptiones
462 498 682 531 sensuum,
712 482 863 538 quibus
895 483 1127 540 decipimur
1159 491 1199 525 ct
1232 483 1372 525 illudi-

21 565 129 592 mur.
158 552 204 591 In
225 552 339 591 nullo
360 551 471 592 enim
494 552 645 593 horum
675 551 802 600 trium
829 551 1000 592 bonum.
1029 553 1119 593 Non
1144 552 1185 592 in
1217 566 1341 593 carne
1362 584 1372 599 ‚

22 620 210 676 quamvis
239 619 409 676 Epicuri
438 621 602 669 schola,
634 620 821 678 plerique
851 621 977 662 etiam
1009 621 1260 677 voluptuarii
1286 621 1370 661 dis-

21 697 271 746 rumpantur
305 691 521 732 laudantes
559 691 745 748 corporis
776 691 1128 739 delectationem3
1160 705 1297 747 neque
1327 690 1369 731 in

21 760 208 802 sensibus
234 760 304 816 qui
326 776 432 818 saepe
453 762 679 809 luduntur3
706 776 842 817 neque
865 761 905 803 in
929 776 1030 802 sono
1051 761 1163 812 vocis
1186 775 1277 816 quae
1298 760 1369 801 sal-

20 829 73 870 sis
94 830 342 885 plerumque
366 830 546 872 animam
569 832 779 872 demulcet
802 831 992 872 cantibus
1007 863 1018 879 ,
1045 838 1108 872 est
1136 830 1369 886 perFectum

19 897 203 946 bonum;
232 898 322 940 haec
348 899 458 940 enim
485 900 842 957 incorruptibilia:
874 901 987 956 quod
1011 908 1150 940 autem
1171 913 1267 939 vere
1289 898 1370 939 bo-

0 951 146 1022 inum,
175 969 256 1010 hoc
288 970 616 1028 incorruptibile.
649 970 862 1012 Manifesta
894 979 1033 1011 autem
1062 969 1177 1010 fides.
1206 969 1369 1010 Mortuo

0 1029 174 1091 {etenim
200 1039 395 1088 homine,
427 1055 522 1081 caro
552 1040 859 1097 corrumpitur,
887 1055 1030 1080 sensus
1056 1045 1261 1096 pereunt,
1290 1051 1370 1077 vox

0 1107 245 1156 amittitur,
276 1117 464 1150 remanet
486 1124 605 1149 mens
630 1107 900 1156 immortalis,
925 1107 1215 1163 incorpoream
1240 1105 1369 1147 vitam

17 1177 235 1235 recipiens.
253 1178 371 1219 [nde
393 1177 434 1219 in
453 1179 625 1220 alteram
647 1187 801 1220 terram
813 1185 988 1219 vocatur
1001 1177 1167 1234 plenam
1184 1174 1369 1217 beatitu-

19 1246 128 1296 dine,
157 1247 231 1288 ubi
253 1262 337 1288 non
359 1247 460 1289 falsa
482 1263 558 1305 pro
576 1248 698 1295 veris,
719 1248 827 1289 sicut
848 1247 890 1288 in
911 1247 990 1288 hac
1007 1246 1090 1287 vita
1110 1259 1119 1286 :
1140 1246 1212 1287 sed
1234 1243 1368 1286 vivam

17 1329 161 1358 rerum
186 1325 330 1358 cernat
359 1317 632 1359 substantiam
651 1334 662 1366 3
688 1332 737 1358 eo
763 1318 876 1373 quod
901 1331 1072 1358 excussa
1095 1314 1303 1373 corporiS,
1327 1321 1369 1356 et

17 1399 215 1429 sensuum
229 1419 240 1435 ,
259 1395 300 1428 et
324 1387 438 1428 vocis
460 1387 661 1429 nebulosa
683 1387 862 1444 quadam
889 1387 1087 1443 imagine,
1113 1385 1365 1442 corruptibi-

16 1454 100 1499 lem
128 1455 347 1513 caliginem
375 1458 582 1514 deponat,
605 1466 647 1499 et
675 1459 856 1500 revelata
878 1455 984 1499 facie
1004 1457 1135 1498 beatae
1159 1454 1249 1496 vitae
1272 1469 1355 1512 gra-

16 1526 115 1568 tiam
133 1527 282 1568 lustret
304 1526 466 1569 obtutu.

21 1585 24 1588 ‚
73 1595 142 1639 IV.
180 1615 195 1635 α
213 1597 482 1644 Benedicam,
499 1597 648 1654 inquit,
671 1606 725 1645 tc,
741 1605 781 1639 et
798 1596 947 1639 faciam
961 1597 1060 1639 tein
1077 1604 1242 1653 gentem
1255 1609 1366 1653 mag-

17 1668 144 1708 »riam
167 1665 196 1708 ¹.
225 1685 240 1706 »
268 1666 629 1709 Immortalitatem
652 1669 843 1725 spondet,
871 1681 967 1709 cum
990 1681 1120 1724 genus
1140 1665 1361 1723 promittit.

15 1735 157 1780 Genus
173 1737 286 1781 enim
301 1737 535 1780 immortale
547 1738 711 1781 videtur
727 1753 831 1786 esse,
850 1752 1037 1796 personae
1054 1737 1250 1778 mortales
1268 1743 1364 1778 sunt

5 1805 274 1863 *singulorum
287 1839 297 1854 ,
322 1814 369 1848 ut
385 1807 603 1850 hominum
615 1840 627 1857 ,
646 1816 693 1850 ut
715 1821 919 1864 equorum
933 1839 943 1856 ,
962 1815 1009 1849 ut
1029 1819 1165 1864 apum.
1190 1805 1253 1849 De
1271 1805 1365 1863 qui-

14 1869 95 1917 hus
119 1875 175 1917 ait
195 1875 376 1932 quidam.

314 1994 358 2026 At
374 2003 471 2035 genus
487 1994 665 2027 immortale
682 1999 788 2027 manet
804 2003 863 2026 ⁸...

13 2087 174 2134 Tamen
203 2093 336 2135 multo
368 2093 470 2135 illud
502 2090 650 2137 melius
682 2096 796 2152 quod
829 2102 996 2153 gentem
1031 2110 1225 2152 magnam
1259 2095 1363 2138 dixit

12 2160 210 2204 Ecclesiae
234 2172 482 2221 perpetuam
509 2165 797 2223 posteritatem
812 2197 822 2213 ,
848 2173 889 2206 et
911 2165 1222 2222 generationem
1248 2166 1362 2208 illam

13 2246 256 2289 supernam,
273 2249 364 2291 quae
379 2250 477 2277 vere
492 2250 642 2292 magna
655 2242 732 2284 est,
753 2242 801 2276 ut
814 2243 993 2292 peccato
1009 2235 1254 2285 moriamur,
1273 2234 1361 2278 Deo

13 2315 286 2345 renascimur.

58 2401 69 2421 ¹
85 2395 176 2429 Gen.
191 2406 254 2437 xn,
269 2407 298 2428 2.
318 2411 359 2421 --
375 2406 388 2421 ⁸
403 2394 492 2440 Virg.
514 2396 569 2430 lib.
585 2408 632 2433 lv·
651 2398 768 2441 Georg.
