1742 3233
308 288 393 337 480
854 298 884 328 s.
925 301 1113 328 AMBnosn

306 392 417 418 nem.
455 376 629 419 Gemina
664 375 775 417 enim
806 391 902 418 cum
931 392 1024 418 vasa
1058 377 1161 425 sint,
1198 376 1309 418 aliud
1341 384 1403 418 est
1427 389 1540 418 venae
1568 390 1658 433 quae

309 454 397 506 φλὲψ
434 460 566 503 graece
604 447 860 503 appellatur,
895 448 1007 488 aliud
1040 447 1214 488 arteriae.
1255 446 1368 489 Vena
1398 448 1490 503 plus
1532 446 1660 489 habet

306 516 541 572 sanguinis,
569 530 695 571 quam
725 515 916 572 spiritus,
949 517 1030 557 hoc
1063 523 1154 563 est,
1183 522 1271 574 φλὲψ
1303 529 1313 556 :
1340 515 1492 557 arteria
1522 515 1659 557 minus

307 586 436 629 habet
464 585 673 642 sanguinis
693 617 704 633 ,
729 587 861 626 multo
885 586 1060 642 amplius
1085 585 1264 642 spiritus,
1291 585 1386 626 Jam
1413 585 1659 642 temperatio

309 671 385 713 pro
408 655 644 696 'diversitate
665 663 825 695 naturae
849 663 913 696 est
936 654 1154 695 hominum
1177 655 1449 711 singulorum.

369 725 520 767 XCIII„
558 724 692 765 Altior
721 732 862 764 autem
893 739 1036 764 sensns
1077 726 1286 765 delectare
1319 732 1357 765 te
1395 724 1550 772 debet,
1588 723 1660 779 qui

312 794 516 852 significat
542 793 998 849 sanguinenr²a1ii1na1n
1030 794 1122 834 ideo
1154 794 1337 841 dietum,
1369 793 1465 848 quia
1497 792 1662 849 sanguis

313 865 471 906 calidus
499 870 540 903 et
564 856 715 918 ignitus
737 870 821 910 est,
848 861 954 902 sicut
983 870 1044 902 est
1070 862 1214 903 virtus.
1243 862 1511 918 Quicumque
1539 862 1663 918 igitur

311 933 446 975 studio
470 931 594 972 fuerit
615 931 776 972 virtutis
800 946 1015 978 accensus,
1036 939 1077 972 ct
1104 922 1299 987 vaporem
1320 932 1452 972 laudis
1474 946 1660 987 assump-

312 1002 434 1050 serit,
455 1016 598 1042 omnes
620 1000 789 1041 delicias
813 1001 969 1041 veniris
990 1001 1186 1041 excludit.
1216 1001 1273 1041 Ea
1299 1001 1423 1047 igitur
1445 1001 1664 1057 cogitatio-

309 1086 428 1119 num,
452 1085 543 1126 quae
567 1077 661 1110 sunt
680 1070 859 1110 carnalia
885 1078 1008 1125 atque
1032 1078 1210 1116 terrena,
1237 1070 1277 1109 in
1296 1069 1481 1117 virtutis,
1501 1069 1660 1125 inquit,

313 1142 460 1183 ardore
483 1139 603 1196 positi
628 1138 844 1195 rejicietis,
870 1139 985 1194 quasi
1013 1138 1209 1179 inhabilia
1235 1138 1406 1194 spiritali
1434 1137 1542 1179 cibo.
1571 1137 1663 1180 Non

309 1211 421 1253 enim
439 1223 609 1250 carnem
636 1208 938 1255 manducabat,
958 1208 1037 1248 hoe
1057 1216 1117 1248 est
1133 1240 1143 1255 ,
1168 1216 1381 1248 terrenum
1407 1207 1575 1262 aliquod
1591 1221 1665 1248 co-

310 1281 467 1339 gitabat
481 1311 491 1327 ,
518 1277 588 1334 qui
607 1277 708 1318 dixit
729 1292 737 1317 :
755 1294 770 1313 «
793 1277 907 1317 Meus
931 1277 1048 1318 cibus
1069 1285 1154 1325 est,
1175 1285 1221 1317 ut
1237 1277 1387 1318 faciam
1405 1277 1664 1317 voluntatem

309 1350 468 1393 »Patris
490 1348 573 1389 mei
595 1347 666 1403 qui
684 1347 724 1387 in
742 1346 856 1387 coelis
881 1354 942 1387 est
959 1346 990 1394 ¹,
1012 1347 1146 1388 studia
1164 1346 1405 1388 homiuibus
1424 1346 1589 1388 virtutis
1606 1347 1666 1387 in-

312 1421 487 1478 spirans,
506 1425 546 1458 et
564 1415 835 1472 cupiditatem
853 1415 1001 1456 divina:
1019 1415 1282 1472 cogitationis
1293 1415 1532 1457 infundens,
1554 1415 1664 1472 Ergo

311 1499 486 1532 terrenae
508 1485 780 1542 cogitationes
798 1493 839 1526 et
861 1484 1035 1526 infirmae
1051 1517 1061 1533 ,
1083 1485 1198 1541 quasi
1225 1486 1390 1527 evirata}
1412 1494 1453 1527 et
1476 1485 1564 1527 sine
1586 1500 1664 1526 usu

312 1557 521 1615 sanguinis
549 1556 768 1597 habentur.
805 1554 855 1596 Et
883 1555 951 1596 ille
983 1555 1163 1596 eviratus
1187 1555 1365 1604 dicitur,
1391 1555 1462 1611 qui
1495 1555 1665 1611 sangui-

310 1630 374 1672 nis
394 1626 623 1684 plurimun]
648 1624 854 1671 amiserit,
881 1624 1036 1665 etenim
1061 1625 1270 1681 sanguinis
1293 1624 1496 1666 effusione
1517 1624 1665 1681 friges-

311 1700 381 1741 cit.
409 1695 606 1751 Quisquis
630 1693 754 1750 igitur
776 1693 949 1750 diligens
972 1694 1173 1734 virtutum
1197 1702 1278 1742 est,
1305 1694 1420 1735 cibos
1439 1694 1601 1751 ablegat
1623 1702 1665 1736 et

308 1767 445 1824 rejicit
463 1765 716 1822 corporales,
735 1763 811 1804 nisi
830 1772 1033 1819 quantum
1048 1763 1125 1804 scit
1144 1763 1240 1804 satis
1255 1779 1345 1805 esse
1363 1764 1666 1815 naturae.Quis-

313 1839 405 1895 quis
435 1844 577 1877 autem
609 1833 883 1890 negligentior
920 1841 1119 1889 tanquan]
1153 1833 1363 1875 lubricum
1393 1842 1435 1875 et
1461 1848 1666 1890 aquosum

311 1909 406 1950 x‘itae
441 1906 556 1947 istius
584 1904 707 1944 suerit
737 1918 907 1943 cursum
933 1911 1121 1951 secutus,
1151 1904 1268 1959 quasi
1297 1903 1456 1944 amissis
1486 1903 1665 1961 vestigiis

315 1979 357 2020 in
374 1985 541 2018 uterum
565 1973 719 2014 decidit
741 1981 781 2014 et
804 1981 1004 2014 ventrem.
1038 1974 1181 2029 Itaque
1203 1989 1249 2014 ea
1272 1989 1362 2029 quae
1380 1981 1477 2014 sunt
1500 1981 1664 2014 terrena

316 2032 546 2093 desiderat,
567 2043 691 2085 coeibi
713 2043 850 2084 clestis
877 2043 1033 2083 alienus
1055 2058 1063 2083 :
1085 2051 1124 2084 et
1143 2043 1212 2098 qui
1237 2058 1320 2083 non
1340 2043 1467 2099 possit
1486 2043 1626 2084 dicere
1651 2057 1660 2083 :

325 2138 340 2157 α
358 2118 506 2160 Nostra
533 2112 791 2156 conversatio
813 2112 854 2153 in
872 2112 986 2154 omlis
1008 2121 1069 2154 est
1086 2112 1114 2154 ².
1140 2132 1154 2149 >1
1170 2113 1355 2168 ideoque
1381 2121 1425 2154 ut
1451 2113 1503 2154 ad
1525 2126 1665 2153 secre-

313 2197 375 2230 tos
399 2192 670 2244 provocaret,
697 2183 751 2223 ait
778 2182 889 2223 idom
911 2197 920 2223 z
939 2200 953 2219 α
973 2182 1033 2223 Ne
1056 2181 1295 2237 tetigeritis,
1318 2197 1369 2223 ne
1392 2181 1665 2222 attaminave-

314 2257 431 2305 »ritis
448 2289 457 2304 ,
478 2270 529 2297 ne
552 2252 812 2310 gustaveritis
839 2267 929 2308 quae
954 2259 1049 2292 sunt
1072 2253 1123 2292 ad
1150 2252 1430 2307 corruptelam
1455 2250 1542 2307 ipso
1559 2264 1661 2297 usu,

313 2346 329 2368 ιι
345 2327 575 2369 secundum
600 2331 805 2380 praecepta
830 2329 870 2362 et
891 2321 1100 2362 doctrinas
1124 2320 1344 2361 hominum
1366 2334 1456 2376 quae
1479 2326 1575 2360 sunt
1596 2334 1663 2359 ra-

315 2418 330 2437 »
346 2398 498 2439 tionem
527 2394 696 2450 quidem
719 2391 915 2432 habentia
940 2390 1170 2447 sapientise,
1196 2390 1236 2430 in
1260 2388 1549 2430 observatione
1566 2386 1664 2428 reli-

313 2454 498 2524 »gionis',
532 2472 573 2504 et.
599 2462 833 2504 humilitate
865 2460 1002 2501 cordis
1019 2492 1029 2507 ‚
1052 2475 1136 2500 non
1166 2459 1207 2499 in
1234 2457 1490 2514 indulgentia
1511 2470 1663 2513 corpo-

315 2556 330 2577 »
344 2536 424 2583 ris,
451 2548 536 2575 non
564 2532 605 2573 in
635 2531 794 2572 honore
818 2529 954 2585 aliquo
982 2521 1033 2569 ad
1059 2528 1319 2568 saturitatem
1342 2535 1384 2568 et
1406 2525 1662 2582 diligentiam

313 2626 328 2647 n
345 2603 479 2648 carnis
501 2601 530 2643 ³.
544 2620 558 2641 ι)
1612 2601 1616 2607 ’

361 2695 369 2711 ι
393 2685 487 2716 Joan.
507 2692 553 2720 w,
573 2681 622 2718 54.
646 2698 685 2704 -
703 2688 715 2703 ²
735 2679 850 2722 Philip.
873 2689 924 2714 ιιι,
943 2688 994 2711 20.
1011 2696 1050 2701 —
1068 2679 1080 2700 ³
1097 2677 1219 2710 Coloss.
1237 2688 1274 2717 ιι,
1295 2676 1405 2708 21-23.
