1742 3233
326 271 412 315 368
876 285 907 312 s.
947 284 1136 320 Aamaosn

325 385 342 406 n
356 379 432 423 pro
452 362 617 405 famulis
633 361 730 410 tuis,
754 369 795 403 et
811 377 886 419 pro
903 364 1058 419 populo
1081 369 1169 410 tuo,
1195 370 1242 403 ut
1262 362 1510 405 exterminet
1531 364 1679 406 Domi-

323 454 341 477 »
356 450 433 476 nus
457 448 576 474 ranas
599 432 638 480 ¹3
663 450 678 471 »
706 447 804 473 cum
829 432 1022 474 debuerit
1043 432 1086 472 in
1107 439 1221 472 tanta
1245 432 1403 490 positus
1433 433 1680 476 necessitate

324 520 472 561 rogare
487 536 498 553 ‚
517 512 563 545 ut
584 503 670 560 jam
688 511 827 545 oraret
844 518 921 545 nec
945 502 1146 551 differret,
1171 503 1383 559 respondit
1411 519 1420 545 :
1459 504 1679 546 «Crastina

324 593 341 615 n
357 574 422 615 die
442 591 453 622 3
479 592 494 612 »
528 574 685 615 otiosus
707 581 748 614 et
774 573 1008 630 negligens,
1033 587 1160 613 morae
1181 587 1349 629 poenam
1372 572 1540 630 [Egypti
1566 574 1680 615 solu-

323 651 445 687 turus
467 643 641 685 excidio.
669 643 813 698 Itaque
836 643 911 684 iste
928 642 1000 684 ubi
1023 642 1290 699 impetrabat,
1310 643 1532 684 immemor
1553 642 1681 685 fiebat

323 714 466 771 gratiae
480 721 520 754 et
533 714 736 754 exaltatus
754 720 895 752 mente
911 712 1046 753 carnis
1060 728 1143 753 suae
1160 745 1170 760 ,
1190 713 1514 755 obliviscebatur
1524 713 1673 755 Deum.

381 781 530 824 XXXI
540 781 582 822 V.
619 780 841 822 Humilitas
877 790 1016 822 autem
1040 783 1308 823 commendat
1343 782 1586 824 orationem.
1615 781 1681 823 Si-

323 852 496 909 quidem
520 859 561 892 et
587 850 818 893 Pharisaeus
839 850 907 891 ille
931 850 1208 907 reprehensus
1232 860 1294 892 est
1321 852 1391 907 qui
1416 851 1575 907 jejunia
1607 867 1680 893 sua

322 924 438 964 velut
452 920 657 963 beneficia
674 920 964 968 enumerabat,
984 928 1026 976 et
1045 928 1241 976 tanquam
1261 921 1500 977 objectabat
1516 921 1620 969 Deo,
1639 930 1681 964 et

322 1007 366 1034 se
391 992 615 1034 criminum
630 991 892 1032 memorabat
913 998 1113 1032 exortem.
1139 991 1394 1033 Publicauus
1412 1000 1551 1033 autem
1572 1005 1679 1048 prze-

323 1063 486 1104 dicatus
510 1070 586 1109 est,
615 1079 629 1099 «
656 1060 739 1111 Qui
767 1075 787 1100 a
809 1062 931 1117 louge
959 1068 1070 1101 stans
1093 1061 1262 1102 nolebat
1283 1062 1426 1103 oculos
1450 1061 1502 1102 ad
1525 1061 1679 1103 coelum

320 1133 488 1173 »levare
510 1163 520 1179 ,
560 1129 633 1171 sed
669 1130 930 1187 percutiebat
959 1138 1106 1187 pectus
1138 1146 1261 1171 suum
1292 1130 1464 1178 dicens;
1499 1130 1679 1172 Domine

320 1219 337 1240 »
350 1201 478 1249 Deus,
505 1200 708 1257 propitius
722 1208 810 1241 esto
823 1199 926 1241 mihi
945 1201 1156 1256 peccatori
1174 1199 1204 1242 ².
1228 1219 1242 1239 »
1255 1201 1410 1242 Etideo
1429 1201 1567 1242 divina
1579 1215 1679 1242 eum

319 1270 526 1312 sententia
542 1269 725 1326 praetulit
747 1270 889 1310 dicens
909 1284 918 1310 ε
941 1287 956 1307 «
975 1270 1083 1320 Quia
1102 1270 1317 1311 descendit
1333 1270 1401 1311 hic
1423 1262 1677 1312 Publicanu‘s

319 1339 602 1396 »justificatus
623 1338 769 1396 magis,
791 1354 916 1395 quam
937 1339 1167 1381 Pharisaeus
1191 1338 1221 1382 ³.
1253 1358 1268 1378 »
1302 1339 1379 1381 Hic
1402 1339 1512 1380 enim
1529 1337 1678 1394 justifi-

320 1418 440 1451 catur
463 1409 533 1465 qui
555 1417 780 1466 peccatum
801 1408 1019 1466 proprium
1041 1408 1281 1458 confitetur,
1308 1408 1414 1451 sicut
1429 1410 1594 1450 locutus
1614 1418 1678 1452 est

318 1478 406 1536 ipse
432 1478 666 1520 Dominus:
700 1497 714 1516 «
742 1478 819 1520 Dic
847 1479 1085 1535 iniquitates
1115 1486 1226 1528 tuas,
1258 1487 1305 1520 ut
1328 1477 1568 1535 justificeriS
1590 1477 1620 1520 ζ’.
1648 1496 1664 1517 n

315 1548 370 1590 Et
389 1548 521 1590 David
538 1549 614 1590 ait:
641 1566 656 1586 «
678 1547 941 1590 Sacrificium
967 1549 1055 1590 Deo
1069 1581 1080 1597 ,
1106 1549 1273 1606 spiritus
1296 1549 1627 1597 contribulatus;
1648 1567 1663 1587 »

316 1617 527 1658 etiterum
544 1650 555 1666 ,
587 1636 602 1655 «
626 1617 708 1660 Cor
729 1619 957 1660 contritum
981 1627 1022 1660 et
1042 1618 1308 1660 humiliatum
1331 1619 1441 1660 Deus
1458 1633 1542 1660 nou
1564 1633 1675 1674 sper-

317 1706 333 1726 »
348 1688 407 1729 nit
428 1688 458 1729 ⁵.
482 1707 496 1726 »
517 1688 748 1730 Hieremias
767 1704 934 1744 quoque
952 1689 1007 1730 ait.
1032 1688 1121 1745 (26)
1147 1703 1156 1730 :
1182 1707 1195 1726 a
1215 1687 1363 1730 Anima
1382 1688 1422 1729 in
1447 1687 1645 1744 augustiis
1661 1720 1671 1735 ,

315 1775 332 1797 »
346 1765 386 1799 et
405 1757 573 1814 spiritus
598 1758 784 1799 anxiatus
809 1760 957 1799 elamat
988 1759 1040 1799 ad
1060 1766 1097 1799 te
1116 1757 1127 1777 ‘⁵
1141 1790 1150 1799 .
1180 1777 1194 1811 '?
1224 1759 1333 1815 Ergo
1360 1766 1401 1799 et
1421 1758 1582 1800 Pharao
1597 1790 1608 1806 ,
1632 1766 1674 1800 et

315 1842 389 1869 rex
410 1827 604 1883 Assyrius
626 1828 696 1883 qui
715 1828 880 1870 dicebat
901 1843 910 1869 ε
942 1846 957 1866 «
982 1828 1085 1880 Quis
1104 1829 1278 1870 deorum
1297 1828 1483 1885 gentium
1500 1828 1674 1870 istarum

315 1897 541 1939 »liberabit
566 1906 719 1938 terram
746 1914 864 1939 suam
893 1899 944 1939 de
964 1913 1093 1939 manu
1119 1913 1235 1946 mea3
1260 1898 1457 1954 quoniam
1479 1897 1674 1940 liberabit

315 1967 550 2009 »Dominus
572 1967 685 2008 Deus
714 1975 810 2008 tuus
838 1967 1097 2009 Hierusalem
1123 1968 1173 2009 de
1198 1983 1326 2008 manu
1350 1966 1466 2009 mea⁷
1490 1966 1507 2008 Ξ)
1529 1985 1545 2006 n
1566 1967 1673 2010 exal-

314 2037 472 2079 tatione
500 2053 571 2078 sua
609 2037 761 2094 dejecti
790 2045 899 2079 sunt.
931 2037 1076 2080 <Iustus
1101 2045 1264 2086 autem,
1297 2037 1403 2079 sicut
1431 2035 1593 2085 Jacob,
1620 2037 1673 2079 ad

314 2115 533 2149 auctorem
549 2107 685 2148 Deum
700 2107 827 2148 refert
845 2097 1121 2163 quaecumque
1135 2106 1259 2148 suerit
1276 2107 1386 2148 bona
1402 2113 1668 2155 consecutus,

313 2176 458 2219 dicens
476 2178 526 2218 de
544 2176 737 2217 omnibus
757 2191 1030 2233 quaecumque
1049 2176 1126 2218 sibi
1143 2192 1387 2234 prosperare
1406 2175 1666 2233 cognoverit:

323 2264 340 2286 ι(
358 2247 569 2299 Quoniam
592 2246 760 2288 tradidit
786 2262 834 2288 ea
859 2246 1063 2289 Dominus
1084 2247 1196 2288 Deus
1218 2247 1260 2288 in
1278 2261 1428 2288 manus
1454 2261 1567 2288 meas
1585 2244 1615 2286 ⁸.
1644 2263 1659 2283 ›1

313 2305 413 2359 Haee
437 2318 562 2374 igitur
593 2317 741 2359 melior
764 2326 958 2361 totorum
985 2332 1157 2358 suorum
1190 2316 1340 2359 solutio
1367 2325 1455 2366 est,
1491 2316 1597 2358 sicut
1628 2324 1670 2358 et

313 2388 448 2431 David
470 2387 548 2430 ait:
581 2406 596 2426 «
618 2388 792 2430 Immola
820 2387 909 2431 Deo
933 2386 1185 2430 sacrificium
1209 2387 1343 2430 laudis
1358 2420 1369 2437 ,
1394 2395 1436 2429 et
1457 2385 1586 2429 redde
1602 2384 1670 2428 Al-

357 2519 367 2533 ¹
387 2509 489 2542 ond.
506 2521 578 2545 vni.
593 2522 624 2553 9.
643 2529 682 2534 -
699 2521 710 2535 ²
733 2511 808 2542 Luc.
831 2521 926 2549 xvm,
946 2512 994 2543 15.
1015 2529 1052 2535 —
1066 2513 1080 2535 3
1104 2510 1189 2543 lbid.
1213 2509 1259 2548 14.
1280 2529 1320 2534 -
1336 2513 1348 2537 ⁴
1367 2510 1440 2542 Isai'.
1456 2521 1548 2545 xuni,
1562 2510 1612 2542 26.
1628 2528 1669 2534 —

311 2564 326 2587 ⁵
348 2563 431 2596 Psal.
454 2575 490 2600 ι,
521 2574 568 2605 ¹9·
587 2582 627 2587 —
647 2565 660 2585 ⁶
675 2564 791 2597 Bai-uc.
820 2573 882 2603 111,
902 2574 930 2598 1.
948 2583 988 2589 -
1007 2570 1016 2590 ⁷
1035 2563 1142 2597 Exod.
1156 2575 1188 2604 v,
1207 2575 1238 2604 2,
1261 2565 1322 2603 eth
1345 2565 1422 2607 neg.
1438 2574 1536 2604 xvuu,
1556 2564 1611 2598 35.
1628 2581 1668 2588 —

310 2618 326 2641 ⁸
339 2615 429 2650 Gen.
445 2628 549 2655 nvn,
569 2628 620 2651 20.
1503 2633 1506 2636 ·

1724 0 1742 740 ἱ

1735 1435 1742 1700 m
1735 1331 1740 1429 “„-=
1735 1273 1739 1325 „0—
1734 1181 1739 1265 ..m-
1735 1145 1739 1172 .-
