1747 3260
319 274 335 299 1
350 273 365 299 1
377 272 398 298 2
855 265 886 293 S·
927 264 1115 293 AMBRosu

311 348 466 392 laboris
484 344 732 402 acquiritur,
752 343 826 385 ubi
848 344 985 385 cultus
1003 351 1217 400 spectatur
1241 356 1457 399 agrorum;
1477 350 1519 384 et
1540 343 1668 401 negli-
1730 335 1747 392 [i

313 420 451 478 gentia
459 420 524 460 vel
537 417 710 464 oss'ensa,
724 424 794 457 aut
807 414 969 456 diluviis
978 413 1230 471 pluviarum,
1246 422 1315 455 aut
1326 421 1533 454 terrarum
1546 414 1669 456 aridi-
1730 396 1747 470 4

312 490 486 537 tatibus,
514 497 584 529 aut
605 485 817 544 grandinis
833 484 963 541 jactu,
989 492 1060 525 aut
1076 497 1340 540 quacumque
1358 499 1408 525 ex
1426 499 1567 532 causa,
1593 484 1668 526 soli
1731 471 1747 531 4

311 560 453 601 uberis
476 557 690 600 sterilitate
715 556 958 598 mulctatur.
980 554 1099 595 Tunc
1121 561 1259 595 autem
1277 562 1483 610 proventu
1507 561 1670 610 sponta-
1731 545 1747 561 ”

310 644 391 671 neo
408 637 519 670 terra
535 628 697 669 fructus
714 626 818 668 locis
835 625 1030 666 omnibus
1043 623 1285 671 invehebat3
1303 624 1501 679 quoniam
1519 623 1551 664 is
1567 638 1671 680 prae-
1731 638 1747 674 χ

309 706 500 755 ceperat,
534 697 605 752 qui
636 696 928 736 universorum
961 702 1023 735 est
1062 693 1291 750 plenitudo,
1332 693 1520 737 Verbum
1554 698 1666 739 enim
1746 691 1747 698 ’

309 768 385 810 Dei
402 765 686 809 fructificabat
708 765 750 806 iu
774 764 916 812 terris,
937 779 1016 806 nec
1038 765 1124 806 ullo
1147 764 1284 805 adhuc
1303 772 1391 806 erat
1407 773 1517 807 terra
1542 767 1664 809 dam-

306 845 405 879 nata
422 836 658 878 maledieto.
682 834 929 890 Antiquiora
947 833 1059 874 enim
1076 832 1222 874 mundi
1245 834 1453 875 nascentis
1476 836 1661 884 exordia,

309 923 435 964 quam
471 915 610 948 nostra
639 912 812 963 peccata
846 911 964 953 sunt,
1002 911 1044 945 et
1080 903 1291 944 recentior
1330 906 1453 961 culpa
1493 914 1665 963 propter

306 993 432 1035 quam
462 976 730 1019 condemnati
760 989 903 1017 sumus
941 974 984 1017 in
1017 975 1169 1016 sudore
1195 976 1333 1016 vultus
1357 975 1487 1017 nostri
1512 991 1664 1034 panem

303 1050 564 1092 manducare
579 1080 590 1096 ,
616 1047 703 1088 sine
722 1047 875 1087 sudore
899 1045 1093 1086 alimenta
1117 1045 1291 1087 nescire.

365 1118 512 1161 XLYI.
551 1117 741 1173 Denique
762 1115 973 1171 hodieque
988 1114 1236 1157 foecunditas
1258 1123 1378 1158 terrae
1400 1125 1585 1159 veterem
1607 1116 1664 1160 as-

305 1188 524 1233 ssuentiam
541 1196 778 1245 spontaneae
796 1201 874 1227 usu
890 1185 1112 1227 fertilitatis
1131 1194 1340 1242 operatur.
1365 1186 1503 1237 Quam
1528 1189 1659 1230 multa

303 1267 400 1301 sunt
422 1259 534 1300 enim
556 1273 646 1314 quae
665 1257 800 1298 adhuc
825 1263 971 1313 sponte
989 1256 1266 1312 generantur!
1291 1256 1375 1298 Sed
1392 1256 1519 1298 etiam
1536 1257 1578 1298 in
1595 1256 1659 1299 his

301 1328 401 1385 ipsis
425 1343 515 1384 quae
536 1342 665 1368 manu
688 1333 948 1383 quaeruntur,
968 1339 1118 1382 magna
1135 1341 1185 1366 ex
1201 1334 1318 1382 parte
1342 1334 1513 1367 manent
1537 1326 1658 1368 nobis

302 1398 441 1440 divina
465 1396 691 1445 beneficia,
724 1404 769 1438 ut
788 1396 996 1438 frumenta
1022 1395 1108 1452 ipsa
1135 1395 1448 1451 quiescentibus
1474 1396 1659 1438 inseran-

301 1474 384 1509 tur.
415 1467 542 1518 Quod
571 1466 794 1524 propositae
817 1467 940 1507 docet
974 1465 1163 1507 lectionis
1199 1466 1458 1522 exemplum,
1492 1465 1657 1508 dicente

296 1535 482 1583 Domino
503 1553 511 1578 :
528 1537 637 1589 Quia
655 1536 712 1578 sic
730 1544 791 1578 est
808 1551 985 1594 regnum
1005 1535 1081 1577 Dei
1104 1536 1462 1591 quemadmodum
1478 1535 1510 1576 si
1527 1535 1656 1577 homo

300 1606 457 1662 »jaciat
474 1622 616 1648 semen
635 1622 761 1664 super
778 1614 950 1654 terram,
969 1613 1010 1647 et
1028 1605 1288 1654 obdormiat,
1309 1605 1462 1661 inquit,
1481 1613 1520 1647 et
1538 1620 1656 1647 exur-

298 1695 315 1717 »
329 1685 397 1734 gat
417 1685 541 1718 nocte
563 1686 606 1719 et
628 1677 716 1728 die,
744 1684 784 1717 et
807 1691 949 1718 semen
975 1675 1206 1733 germinet,
1235 1683 1277 1717 et
1299 1675 1527 1724 increscat,
1554 1676 1656 1719 dum

297 1747 460 1789 »nescit
478 1748 546 1789 ille
560 1746 589 1789 ¹.
609 1766 623 1785 »
640 1748 756 1789 [ltro
773 1747 886 1788 enim
904 1754 1013 1788 terra
1030 1744 1257 1787 fructificat
1271 1777 1281 1793 ,
1304 1745 1440 1802 primo
1457 1745 1651 1794 herbam,
1733 1744 1736 1789 ἲ

297 1817 449 1858 deinde
473 1817 652 1874 spicam,
675 1817 824 1858 deinde
850 1817 1023 1873 plenum
1045 1815 1233 1857 triticum
1256 1815 1297 1857 in
1321 1815 1447 1872 spica.
1478 1815 1531 1857 Et
1553 1830 1653 1858 cum
1734 1846 1736 1861 ,

295 1888 541 1944 produxerit
559 1887 769 1935 fructum,
793 1886 933 1928 statim
955 1886 1082 1928 mittit
1103 1885 1274 1933 falcem,
1304 1885 1503 1941 quoniam
1533 1885 1652 1927 adest

293 1957 451 1999 messis.
475 1958 708 1999 Dormienti
727 1957 854 2014 igitur
876 1955 952 1997 tibi
965 1987 975 2003 ‚
995 1971 1019 1997 o
1036 1955 1162 1997 homo
1176 1987 1187 2003 ‚
1205 1963 1246 1996 et
1262 1954 1466 1997 nescienti
1487 1954 1650 1997 fructus

294 2040 389 2068 suos
418 2029 528 2069 ultro
559 2037 669 2070 terra
695 2027 903 2084 producit.
932 2026 1099 2068 Dormis
1123 2033 1164 2068 et
1189 2025 1346 2083 surgis,
1375 2033 1417 2068 et
1446 2024 1648 2068 frumenti

292 2109 368 2151 per
385 2105 553 2139 noctem
575 2098 834 2140 incrementa
851 2096 1028 2140 miraris.

345 2219 353 2235 ¹
375 2212 477 2246 Marc.
491 2225 535 2250 lv,
552 2214 606 2255 26,
627 2227 675 2258 ²7-
