1742 3233
345 287 429 327 508
891 298 921 324 s.
961 298 1149 325 Amnnosu

341 375 571 420 devotionis
594 373 790 422 Abrahae,
816 375 929 431 quod
950 364 1046 416 cum
1063 389 1193 416 uxore
1210 374 1396 432 speciosa
1414 374 1632 418 descendit
1653 375 1696 417 in

343 448 584 504 AEgyptum.
611 445 711 486 Erat
732 443 900 500 quidem
921 443 1032 500 justo
1053 444 1141 485 viro
1165 459 1266 486 cura
1283 444 1514 502 conjugalis
1531 444 1697 502 pudici-

340 516 436 558 tiae:
467 517 540 556 sed
564 513 700 570 majus
731 521 820 554 erat
846 514 1029 555 studium
1062 516 1319 555 maturandae:
1352 514 1606 562 devotionis,
1639 529 1694 556 ne

284 614 289 619 -
343 585 572 643 praetulisse
597 583 830 626 custodiam
855 584 935 625 tori
963 584 1169 625 mandatis
1197 584 1409 626 videretur
1436 584 1686 626 coelestibus.

344 656 488 712 Itaque
510 655 707 712 quoniam
729 662 900 711 propter
919 654 1055 696 Deum
1080 655 1333 711 contempsit
1355 655 1513 703 omnia,
1538 655 1698 712 recepit

343 741 364 766 a
393 726 480 766 Deo
516 724 790 780 multipli0ata
821 723 990 765 omnia:
1023 725 1096 765 sod
1126 724 1306 781 primam
1335 725 1447 765 Deus
1485 724 1699 781 pudicitiae

343 793 491 834 tribuit
526 793 930 841 remunerationem,
973 808 1098 849 quam
1129 802 1290 851 gratam
1321 794 1477 835 sciebat
1508 793 1689 851 conjugi.

341 862 447 905 Nam
470 862 567 919 quia
588 862 724 904 studio
747 862 931 903 obeundi
954 863 1132 904 coelostis
1153 863 1311 904 oraculi
1334 878 1508 905 uxorem
1530 878 1699 919 quoque

340 933 380 974 in
403 933 638 989 periculum
657 932 828 975 deduxit
847 932 1033 990 pudoriS,
1058 932 1184 975 etiam
1208 933 1496 976 castimoniam
1513 932 1698 991 conjugii

343 1002 542 1045 defendit.

346 1157 952 1171 mmmmmmmnumws
959 1158 1699 1171 mmtxwmwsmsswmmmmm

884 1270 1060 1314 CAPL'T
1092 1272 1164 1314 ΙΙΙ.

335 1410 399 1452 De
421 1411 585 1452 coeteris
615 1408 813 1452 Abrahoe
839 1410 1097 1458 virtutibus,
1137 1410 1362 1452 nimirum
1386 1410 1437 1451 de
1463 1409 1701 1467 prudentia

396 1482 493 1536 ejus
514 1481 563 1520 in
586 1479 886 1522 rescindendis
904 1481 1117 1521 rimarum
1136 1481 1297 1529 causis,
1311 1480 1497 1536 justitia
1520 1481 1569 1521 in
1587 1480 1703 1522 divi-

397 1549 555 1597 alendo,
573 1549 649 1591 abi
668 1560 707 1591 et
731 1550 780 1590 de
804 1550 1109 1607 imprudentia
1130 1550 1207 1592 Lot
1227 1551 1412 1592 amomis
1435 1551 1566 1592 utilia
1585 1562 1700 1607 post-

393 1620 613 1676 ponentis,
637 1621 814 1675 ejusque
832 1634 961 1677 poena
975 1636 988 1660 .·
1009 1630 1103 1661 tum
1126 1620 1176 1662 de
1194 1621 1350 1677 patrui
1371 1620 1421 1661 in
1442 1621 1585 1677 ipsum
1603 1620 1701 1662 cha-

398 1691 545 1737 ritate,
574 1690 738 1746 pietate
768 1690 816 1729 in
845 1690 1006 1737 Deum,
1042 1691 1313 1732 continentia
1348 1691 1394 1730 in
1422 1691 1628 1739 victoria,
1662 1701 1702 1732 ct

398 1759 610 1801 mercedis
636 1759 785 1801 aDeo
815 1760 1051 1816 propositae
1088 1761 1292 1802 electione
1312 1778 1326 1807 ,·
1362 1775 1414 1800 ac
1438 1759 1616 1801 tandem
1650 1761 1701 1802 de

402 1839 574 1887 accepto
598 1831 765 1886 futurae
788 1830 1059 1885 posteritatis
1083 1840 1123 1871 et
1154 1830 1324 1872 Christi
1355 1830 1571 1871 nascituri
1594 1845 1700 1885 pro-

399 1914 547 1941 mzsso.

399 2041 455 2085 X.
490 2042 643 2084 Pmms
661 2042 787 2100 igitur
811 2051 950 2099 partes
973 2041 1051 2084 sibi
1070 2041 1182 2098 justo
1207 2041 1355 2083 ordine
1378 2041 1605 2083 vindicavit
1627 2041 1702 2083 de-

340 2111 464 2153 votio.
497 2111 718 2153 Videamus
739 2119 781 2153 et
801 2121 1050 2153 caeterarum
1081 2111 1285 2152 virtutum
1315 2111 1503 2168 gratiam.
1539 2111 1702 2152 Mulce-

340 2183 464 2224 batur
495 2190 662 2223 sanctus
702 2181 919 2224 Abraham
953 2181 1114 2238 nepotis
1152 2181 1372 2237 praesentia
1410 2180 1480 2222 cui
1516 2180 1702 2238 patrium

341 2252 541 2294 affectum
567 2251 802 2294 exhibebat.
832 2251 986 2293 Incidit
1012 2251 1098 2292 rixa
1122 2251 1230 2292 inter
1253 2252 1439 2292 servulos
1469 2249 1632 2308 nepotis
1659 2258 1701 2290 ct

339 2323 490 2381 patrui.
519 2322 710 2365 Advertit
730 2321 977 2380 prudentior
998 2322 1261 2362 servulorum
1279 2319 1607 2363 dissensionibus
1631 2317 1701 2360 do-

341 2392 554 2434 minorum
581 2392 854 2433 concordiam
877 2391 980 2434 solvi
1003 2392 1161 2439 solere,
1188 2390 1418 2448 amputavit
1439 2388 1590 2430 fibram
1614 2388 1701 2429 dis-

342 2463 510 2511 cordiae,
535 2477 589 2504 ne
615 2463 858 2520 contagium
880 2469 1078 2519 serperet.
1106 2460 1382 2503 Tolerabilius
1404 2459 1518 2501 enim
1537 2458 1699 2515 putavit

341 2540 387 2574 ut
408 2534 559 2591 copula
581 2541 930 2590 sequestraretur,
953 2547 1079 2589 quam
1099 2531 1230 2588 gratia
1254 2531 1536 2573 dirimeretur.
1571 2529 1699 2580 Quod

343 2611 384 2645 te
402 2602 539 2647 facere
561 2612 753 2661 oportet,
779 2604 811 2648 si
832 2603 938 2647 forte
960 2602 1204 2660 hujusmodi
1226 2600 1381 2659 aliquid
1403 2598 1598 2643 incideris
1613 2631 1624 2648 ‚
1648 2607 1697 2641 ut
