1747 3260
465 297 752 323 nnxamfflnox.
792 297 869 323 Lm.
911 297 971 323 111.
1316 286 1395 328 125

41 372 226 431 gramine
258 373 468 430 liquidior,
501 381 572 415 aut
604 373 645 415 in
675 374 827 430 palude
854 372 1079 421 turbidior,
1113 382 1186 415 aut
1213 374 1253 415 in
1283 375 1398 418 sonte

39 445 336 502 perspicacior,
375 453 444 486 aut
482 445 521 486 in
554 444 659 485 mari
691 444 926 491 obscurior,
964 453 1174 501 assumpto
1206 446 1399 488 locorum

40 514 192 571 quihus
217 515 353 556 inssuit
373 516 540 563 colore,
573 514 770 556 decurrit.
800 514 997 571 Rigorem
1027 529 1193 570 quoque
1216 515 1305 571 pari
1329 531 1398 557 ra-

40 584 153 627 tione
182 594 440 633 commutat,
473 593 519 627 ut
547 585 655 627 inter
686 584 930 642 vaporantia
961 583 1143 632 ferveat,
1173 585 1281 626 inter
1308 601 1400 628 um—

38 654 163 697 brosa
180 655 394 713 frigescat,
420 658 505 697 sole
527 671 769 712 repercussa
793 662 992 696 exaestuet
1008 687 1018 702 ,
1044 654 1210 696 nivibus
1228 656 1396 714 irrigata

40 724 202 781 glaciali
236 725 415 766 humore
448 734 654 767 canescat.
697 725 1068 776 Quemadmodum
1101 733 1239 766 auten]
1277 740 1400 783 sapor

39 793 131 850 ejsss
151 794 251 852 ‚ipse
282 795 557 844 convertitur,
591 803 637 837 ut
672 810 783 836 nunc
814 794 1014 851 asperior,
1053 809 1165 836 nunc
1199 795 1396 844 amarior,

38 878 153 904 nunc
174 864 475 913 vehementior,
501 880 613 906 nunc
637 865 855 913 austerior,
883 878 996 905 nunc
1018 864 1184 906 dulcior
1204 880 1281 922 pro
1305 880 1403 923 spe-

41 935 202 976 cierum
223 936 375 992 quibus
400 926 538 977 'infusa
562 935 687 977 suerit
710 935 908 992 qualitate
930 934 1144 976 varietur?
1171 933 1402 991 Asperatur

42 1006 401 1047 immaturioribus
420 1006 554 1048 succis
568 1038 578 1054 ,
603 1014 726 1047 tunso
739 1000 902 1046 'cortice
922 1005 1040 1046 nucis
1055 1038 1065 1054 ,
1088 1004 1278 1061 foliisque
1298 1020 1403 1047 con—

41 1074 169 1124 tritis,
199 1076 377 1117 amarior
404 1075 450 1118 fit
477 1075 709 1124 absinthio,
737 1075 833 1117 vino
853 1075 1160 1124 vehementior,
1199 1075 1403 1117 austerior

43 1146 145 1187 alliis
172 1161 181 1188 :
207 1147 409 1204 gravescit
437 1161 624 1193 veneno,
661 1147 785 1187 melle
813 1145 1028 1187 dulcescit.
1062 1144 1104 1186 Si
1134 1161 1229 1187 vero
1260 1146 1297 1187 ei
1317 1148 1403 1188 len-

42 1216 192 1258 tiscum
206 1249 217 1265 ,
244 1217 469 1258 terebinthi
488 1231 654 1273 quoque
674 1216 837 1257 fructus
850 1248 862 1264 ,
878 1217 944 1257 vel
966 1215 1084 1257 nucis
1104 1216 1279 1257 interior
1305 1232 1401 1274 pars

40 1287 283 1335 misceatur,
316 1287 358 1328 in
387 1287 466 1328 olei
497 1288 666 1328 mollem
695 1294 890 1327 naturam
921 1285 1041 1327 facile
1074 1286 1397 1328 transfunditur.

43 1357 151 1399 Cum
177 1358 228 1399 sit
250 1366 388 1399 autem
410 1357 529 1399 altrix
549 1357 740 1398 omnium
760 1356 1040 1414 virgultorum
1059 1388 1069 1404 ,
1103 1356 1290 1398 diversos
1314 1356 1401 1398 sin-

43 1429 148 1487 gulis
171 1428 253 1469 usis
270 1428 490 1474 ministrat.
517 1427 559 1469 Si
579 1427 739 1468 radices
755 1429 881 1468 alluat
900 1428 967 1468 vel
989 1427 1174 1468 nubibus
1191 1427 1280 1468 susa
1306 1429 1402 1469 des-

44 1500 217 1548 cendat,
240 1499 436 1546 discretas
460 1498 529 1540 dat
551 1498 747 1539 omnihus
769 1496 876 1538 vires
892 1529 902 1544 ,
927 1496 1115 1538 radicem
1138 1496 1396 1554 impinguat,

45 1571 262 1612 caudicem
281 1569 494 1628 provehit,
520 1583 656 1610 ramos
684 1566 905 1615 diffundit,
932 1566 1028 1608 folia
1046 1567 1254 1608 virescere
1272 1567 1399 1617 facit,

0 1654 1 1684 1
43 1642 258 1685 fructuum
274 1642 344 1683 alit
360 1640 515 1683 semina
529 1673 540 1688 ,
560 1655 733 1697 pomum
753 1653 904 1695 augere
919 1637 1147 1679 consuevit.
1174 1638 1284 1695 Ergo
1304 1653 1403 1680 cum

46 1715 193 1756 eadem
222 1713 272 1754 sit
294 1712 483 1754 omnium
508 1710 670 1757 nutrix,
699 1709 775 1750 alia
801 1709 1002 1749 arborum
1025 1723 1178 1765 genera
1202 1708 1404 1750 tris-fiores

0 1731 2 1824 i
45 1784 185 1827 ferunt
207 1798 377 1831 succos,
405 1782 480 1823 alia
505 1780 739 1828 dulciores,
767 1778 842 1820 alia
869 1779 1010 1820 tardos
1030 1810 1040 1826 ,
1076 1777 1154 1818 alia
1175 1786 1404 1834 prcematu-

0 1826 2 1930 ;
46 1871 128 1897 rOS.
149 1856 251 1912 Ipsae
273 1868 439 1911 quoque
457 1852 564 1893 inter
583 1866 626 1892 se
648 1850 889 1906 discrepant
911 1847 1126 1889 suavitate.
1152 1847 1244 1889 Alia
1266 1847 1407 1890 suavi-

0 1934 2 1965 ³
46 1935 110 1969 tas
133 1934 195 1968 est
217 1926 257 1967 in
280 1924 399 1967 vinea
414 1955 424 1966 .
455 1922 531 1964 alia
558 1921 599 1962 in
623 1921 712 1961 olea
730 1952 741 1968 ,
762 1919 839 1961 alia
865 1918 907 1959 in
928 1917 1103 1966 cerasis,
1130 1916 1206 1958 alia
1229 1916 1271 1958 in
1294 1915 1378 1959 ficu
1393 1949 1405 1967 ,

49 1998 229 2041 discreta
254 1996 296 2037 in
317 1995 426 2036 malo
442 2027 452 2042 ,
479 1992 618 2049 dispar
639 1990 681 2032 in
707 1990 890 2046 dactylo.

104 2067 255 2110 LXIII.
294 2066 448 2108 Tactus
484 2062 569 2120 ipse
605 2076 719 2117 aqure
759 2058 857 2100 alibi
897 2057 1023 2105 lenis,
1065 2055 1162 2097 aiibi
1204 2056 1408 2113 asperior,

47 2139 297 2196 plerumque
313 2134 508 2192 pinguior
526 2140 600 2174 est.
626 2130 816 2172 Pondere
835 2143 1002 2185 quoque
1023 2127 1146 2168 distat
1169 2126 1410 2183 frequenter

50 2215 98 2249 ut
127 2207 279 2265 specie.
312 2205 418 2248 Nam
451 2203 659 2262 plerisque
689 2200 793 2242 locis
822 2198 1003 2256 gravior,
1036 2197 1248 2255 plerisque
1278 2196 1410 2238 levior

50 2277 290 2320 oestimatur.
318 2276 410 2318 Non
434 2274 589 2316 mirum
609 2271 734 2329 igitur
751 2270 784 2311 si
808 2283 905 2310 cum
927 2268 1013 2325 Ipsa
1037 2267 1078 2308 in
1105 2282 1147 2308 se
1174 2266 1407 2323 discrepet,

3 2359 6 2428 Ι
51 2348 289 2406 discrepent
306 2347 430 2388 etiam
448 2344 556 2386 inter
578 2358 621 2384 se
643 2344 838 2397 lacrymae
863 2339 1084 2385 arborum,
1110 2352 1200 2392 quac
1219 2335 1255 2392 ej
1265 2337 1411 2378 usdem

2 2430 8 2544 ἱ
53 2434 168 2476 aquae
185 2418 391 2460 alluvi⁰ne
409 2422 674 2474 generantur.
697 2412 748 2453 Et
767 2426 864 2452 cum
882 2424 963 2450 una
983 2408 1034 2449 sit
1052 2406 1240 2448 omnium
1260 2421 1384 2447 causa
1397 2438 1408 2454 ,

4 2545 8 2635 ἲ

6 2639 9 2750 ἓ

7 2793 9 2814 i

8 2819 9 2838 i

53 2489 240 2531 diversus
267 2489 524 2545 singularum
551 2500 675 2532 usus,
700 2483 862 2524 diversa
885 2487 1033 2521 natura
1056 2484 1130 2518 cst.
1160 2474 1296 2517 Aliam
1328 2475 1412 2517 vim

52 2559 179 2602 habet
214 2559 344 2601 cerasi
376 2556 535 2600 arboris
563 2557 776 2612 lacryma,
814 2551 937 2594 aliam
971 2546 1146 2591 lentisci.
1184 2545 1405 2604 Disparem

102 2659 113 2675 ¹
130 2652 147 2683 5
165 2652 240 2694 Reg.
261 2662 305 2690 iv,
320 2651 370 2681 53.

7 2852 10 2915 J

8 2917 10 2935 ι

9 3061 12 3106 ἰ
