1742 3233
397 335 449 362 ΒΕ
484 334 581 363 cmx
613 335 665 363 ET
702 335 818 364 Ani-31„
857 336 935 364 Lm.
974 339 1000 366 1.
1293 328 1378 386 349

25 411 136 454 enim
155 411 316 453 virtutis
343 409 535 469 quaedan'i
561 413 837 456 instrumenta
859 424 967 457 sunt.
996 417 1140 473 Itaque
1164 418 1270 460 sicut
1291 421 1377 462 bel—

24 482 130 524 lator
147 480 233 523 sine
253 481 376 522 armis
403 498 492 523 esse
515 497 599 524 non
623 491 778 541 potest,
802 484 857 525 ita
880 499 958 526 nec
976 485 1062 527 sine
1081 487 1379 531 exercitatione

26 551 164 609 virtus.
204 552 320 593 Unde
352 560 393 594 et
427 553 630 594 Dominus
670 553 712 594 in
751 554 977 611 Evangelio
1012 555 1067 596 ait
1096 571 1105 596 ε
1138 557 1202 599 «A
1231 558 1381 601 dicbus

25 620 227 662 »Joannis
253 622 447 679 Baptistae
480 638 657 680 regnum
685 624 889 665 coelorum
912 624 1090 681 cogitur,
1120 634 1162 666 et
1183 635 1381 683 cogentes

26 690 256 748 »diripiunt
286 691 425 733 illud'.
443 710 458 730 n
487 693 539 733 Et
566 692 661 734 alibi
693 707 703 733 ε
729 711 743 730 «
772 693 958 744 Quaerite
990 709 1165 751 regnum
1203 696 1304 745 Dei,
1337 704 1380 739 et

25 774 155 801 »ecce
190 760 329 801 omnia
362 770 511 818 praesto
553 770 649 803 sunt
691 762 850 805 vobis².
879 763 1009 806 »Non
1050 765 1379 815 dormientibus,

16 844 153 885 neque
177 830 425 880 otiantibus,
456 832 528 872 sed
560 832 826 888 vigilantibus
857 840 898 874 et
925 834 1215 876 laborantibus
1251 836 1378 893 polli-

18 907 168 941 centur
188 900 381 956 praemia3
406 908 447 941 et
473 900 607 942 labori
629 916 790 942 merces
811 911 952 958 parata
971 911 1056 951 est,
1081 904 1152 959 qui
1175 904 1274 945 licet
1292 919 1378 946 non

16 969 68 1011 sit
93 969 227 1011 suavis
249 971 301 1011 ad
323 970 522 1026 gratiam,
546 978 686 1011 tamen
714 971 950 1012 fructuosus
979 972 1030 1014 ad
1055 973 1275 1029 praemium
1295 982 1373 1015 est.

73 1039 188 1081 XIII.
226 1039 360 1081 Docet
378 1039 458 1081 hoc
477 1055 614 1081 sermo
631 1040 754 1097 legis,
771 1041 876 1082 sicut
895 1041 1098 1098 scriptum
1115 1041 1377 1084 invenimus:

30 1107 101 1150 «Si
124 1107 303 1156 suerint,
332 1108 490 1164 inquit,
519 1109 591 1149 uni
615 1109 777 1150 homini
809 1110 901 1150 duce
929 1125 1100 1158 uxores,
1126 1126 1213 1151 una
1236 1126 1382 1153 earum

19 1177 226 1226 »dilecta,
253 1186 296 1220 et
328 1179 457 1220 altera
486 1178 674 1226 odibilis,
701 1186 743 1220 et
771 1179 1011 1236 pepererint
1044 1179 1081 1220 ei
1117 1181 1250 1221 ambae
1275 1180 1383 1223 filios

19 1247 203 1289 »dilecta
225 1255 266 1289 et
282 1247 470 1295 odibilis,
495 1255 537 1288 et
558 1247 791 1304 primitivus
814 1248 939 1289 suerit
962 1248 1071 1290 filius
1088 1249 1273 1291 mulieris
1297 1251 1385 1291 odi-

20 1317 141 1359 »bilis
178 1333 186 1358 :
224 1333 305 1373 qua
346 1317 411 1358 die
444 1317 630 1358 haeredes
669 1317 884 1373 reliquerit
919 1316 1027 1359 filios
1068 1318 1109 1358 in
1147 1320 1381 1361 substantia

20 1402 145 1435 nsua,
181 1401 264 1428 non
300 1386 454 1443 poterit
484 1386 712 1443 primatum
744 1387 842 1428 dare
882 1384 966 1427 filio
1002 1387 1187 1429 mulieris
1220 1389 1384 1430 dilcctae

20 1457 246 1498 »omittens
273 1455 405 1497 filium
432 1455 597 1497 odibilis
624 1471 632 1496 ε
658 1456 731 1497 sed
764 1454 1025 1512 primitivum
1051 1455 1185 1498 filium
1214 1458 1384 1500 odibilis

21 1545 37 1567 υ
52 1534 276 1583 cognoscet
294 1527 390 1567 dare
410 1525 466 1567 illi
485 1527 625 1567 dotem
643 1540 693 1567 ex
709 1525 903 1566 omnibus
921 1541 1012 1582 quae
1031 1525 1308 1568 inveniuntur
1324 1528 1379 1576 ei3

24 1596 145 1653 »quia
171 1596 256 1653 ipse
279 1596 444 1637 initium
466 1594 648 1637 filiorum
677 1595 767 1651 ejtls
788 1603 874 1644 est,
898 1603 939 1636 et
970 1591 1047 1652 ipsi
1070 1596 1279 1638 debentur
1301 1598 1384 1654 pri-

25 1665 220 1707 »mitiae³.
238 1666 406 1716 »Quam
438 1665 645 1721 profunda
678 1666 810 1706 latent
835 1665 1131 1720 mysteriorum
1154 1675 1311 1707 secreta
1340 1668 1382 1708 in

25 1737 193 1780 litteris!
222 1736 509 1793 Recognosce,
535 1735 687 1783 anima,
713 1741 856 1792 partus
882 1742 996 1782 tuos,
1022 1743 1063 1776 et
1079 1735 1243 1777 odibilis
1266 1736 1385 1779 istius

26 1805 213 1847 mulieris
233 1820 373 1861 quaere
390 1804 651 1861 mysterium.
683 1804 796 1845 Intra
819 1812 859 1845 te
880 1819 927 1845 ea
950 1804 1135 1846 invenies
1150 1837 1160 1853 ,
1186 1805 1218 1846 si
1241 1807 1385 1862 requi-

26 1890 104 1917 ras.
129 1876 287 1933 Repete
305 1874 596 1932 cogitationes,
623 1875 760 1931 relege
783 1889 929 1915 sensus
947 1881 1039 1915 tuos
1054 1906 1065 1922 ,
1085 1883 1125 1916 et
1145 1875 1211 1916 cui
1235 1876 1384 1932 primi-

26 1945 93 1988 tiae
129 1945 375 1993 debeantur,
414 1958 624 2001 agnosces.
660 1943 763 1984 Duae
784 1942 896 1984 enim
932 1943 1129 1984 mulieres
1157 1944 1386 2000 unicuique

0 2038 1 2063 i
29 2022 217 2056 nostrum
245 2014 508 2062 cohabitant,
538 2012 762 2054 inimicitiis
792 2027 841 2054 ac
865 2012 1082 2054 discordiis
1112 2013 1380 2064 dissidentes,

28 2085 142 2126 velut
156 2084 405 2140 quibusdam
417 2082 632 2140 zelotypiae
651 2082 990 2124 contentionibus
1007 2091 1159 2124 nostrae
1178 2085 1385 2141 replentes

31 2154 178 2195 animae
211 2155 396 2196 domum.
428 2154 517 2196 Ena
540 2168 683 2194 earum
716 2151 836 2193 nobis
859 2152 1048 2194 suavitati
1072 2162 1114 2195 et
1140 2155 1270 2195 amori
1294 2164 1385 2206 est,

30 2222 183 2264 blanda
222 2222 481 2264 conciliatrix
511 2222 674 2279 gratiae,
704 2236 797 2278 quae
823 2229 997 2264 vocatur
1024 2224 1226 2280 voluptas.
1255 2224 1388 2267 Hanc

33 2292 152 2334 nobis
173 2292 394 2351 opinamur
416 2292 572 2334 sociam
586 2307 632 2334 ac
651 2291 923 2334 domesticam
949 2307 958 2332 ε
984 2291 1096 2333 illam
1113 2293 1284 2334 alteram
1303 2293 1387 2335 im-

33 2361 201 2411 mitem,
231 2378 442 2420 asperam,
465 2362 595 2404 feram
618 2362 852 2410 credImus,
879 2361 946 2403 cui
978 2377 1130 2403 nomen
1154 2362 1283 2404 virtus
1305 2370 1383 2405 est.

57 2463 60 2465 Α
90 2431 202 2476 XIV.
239 2434 312 2474 Illa
339 2433 462 2490 igitur
489 2431 728 2474 meretricio
752 2446 912 2489 procax
939 2439 1081 2480 motu,
1108 2431 1287 2473 infracto
1310 2447 1387 2488 per

36 2503 204 2545 delicias
222 2502 408 2551 incessu,
427 2502 671 2545 nutantibus
687 2491 819 2544 oculis
837 2534 847 2550 ,
874 2509 915 2543 et
933 2501 1175 2544 ludentibus
1197 2501 1391 2558 jaculans

36 2573 244 2631 palpebris
275 2573 405 2622 retia,
439 2572 590 2629 quibus
623 2572 824 2630 pretiosas
857 2571 1060 2628 juvenum
1091 2570 1248 2615 animas
1278 2572 1391 2631 capit

81 2671 91 2687 ¹
115 2663 231 2696 Matth.
248 2674 294 2704 ιι,
315 2673 363 2697 12.
382 2680 422 2687 —
440 2672 452 2687 ⁸
468 2661 566 2696 Idlwvi
579 2688 587 2700 ,
605 2662 655 2694 53.
677 2680 715 2686 —
733 2663 746 2685 3
764 2662 861 2695 Deut.
881 2672 958 2705 xxx,
983 2662 1090 2704 15-17.

0 2646 5 2695 Ι

0 2697 5 2736 ι

2 2742 6 2841 ἑ
