1742 3233
447 261 500 288 DE
537 255 745 286 ABRAHAM.
785 255 865 283 LIB.
904 255 947 283 11.
1097 288 1100 290 -
1292 243 1370 300 571

18 335 238 379 »torum¹.
265 354 282 377 »
311 337 509 380 ‘Iumenta
532 342 671 377 autem
694 347 840 374 sensus
863 331 1050 389 corporis
1074 332 1377 375 irrationabiles

22 405 247 464 significari
276 407 526 464 accepimus.
562 403 646 456 Qui
674 410 769 444 sunt
797 417 898 459 ergo
930 410 1117 460 pastores
1146 418 1344 444 sensuum
1363 434 1374 450 ‚

19 477 100 519 nisi
122 486 396 535 praeceptores
412 510 422 526 ,
443 485 485 519 et
503 475 618 533 quasi
640 473 810 530 quidam
828 481 1013 514 rectores
1029 488 1201 530 gregum
1218 479 1228 521 3
1248 475 1376 515 duces

18 560 190 595 eorum,
218 549 283 588 vel
308 547 535 588 monitores
564 543 738 600 alicujus
767 543 994 591 sermonis,
1025 545 1088 584 vel
1109 543 1258 584 mentis
1286 558 1377 584 nos-

22 624 95 657 trae
120 616 416 673 cogitationes?
440 617 523 667 Qui
546 616 577 657 si
602 614 819 672 pastoralis
843 613 1071 670 disciplinae
1100 613 1218 669 gnari
1250 621 1291 654 et
1311 621 1376 654 te-

15 701 146 727 naces
172 695 268 728 sunt
286 720 295 735 ‚
329 701 411 727 non
435 686 686 743 permittunt
712 683 1097 740 longius‘sensuum
1116 698 1283 740 gregem
1305 698 1377 723 va-

21 755 109 813 gari
133 787 144 804 ,
192 765 234 797 et
280 756 497 797 inutilibus
533 764 603 797 aut
647 754 779 796 noxiis
824 754 1027 795 inhaerere
1067 754 1230 810 pabulis
1266 768 1274 794 :
1307 752 1381 794 sed

17 824 194 883 provido
229 826 406 866 ductore
438 832 657 873 revocant,
694 833 733 865 et
759 826 897 865 frenos
928 823 1100 865 rationis
1132 824 1377 871 admovent,

21 903 146 951 atque
164 895 371 936 obsistunt
397 895 691 937 renitentibus.¹
710 895 804 936 Mali
824 902 964 936 autem
989 896 1267 951 praecept'ores
1283 926 1293 941 ‚
1312 893 1379 935 vel

18 964 183 1006 ‚inutilis
202 965 514 1023 disceptationis
541 965 793 1022 permittunt
813 980 883 1006 eos
908 965 1068 1021 impetu
1092 980 1165 1005 suo
1189 964 1285 1005 serri
1304 997 1314 1012 ,
1338 971 1381 1005 et

18 1034 63 1077 in
103 1043 368 1093 praeruptum
404 1051 451 1077 ac
487 1036 722 1093 perieulum
756 1050 903 1083 ruere,
942 1043 983 1075 et
1011 1035 1122 1075 culta
1153 1034 1345 1074 obterere
1366 1065 1378 1081 ‚

17 1104 231 1146 fructuosa
249 1105 416 1162 depasci
433 1122 444 1154 3
467 1114 511 1147 ut
528 1106 559 1146 si
583 1106 654 1161 qui
673 1113 769 1146 sunt
787 1105 828 1145 in
851 1105 998 1145 eadem
1022 1104 1157 1145 anima
1175 1103 1379 1161 virtutum

19 1173 317 1231 hujuscemodi
353 1175 537 1223 fruetus,
576 1190 646 1216 eos
678 1190 846 1231 quoque
879 1174 1092 1231 dissipent.
1138 1174 1246 1216 Hinc
1280 1188 1380 1232 ergo

17 1244 321 1301 cogitationum
338 1254 579 1287 nostrarum
598 1245 820 1286 discordia.
845 1245 951 1286 Cum
971 1260 1066 1286 caro
1085 1252 1287 1301 repugnat
1306 1247 1381 1286 ad-

18 1328 161 1356 versus
187 1316 377 1372 spiritum
393 1348 413 1366 ,4
431 1324 472 1358 et
490 1316 660 1373 spiritus
679 1318 875 1358 adversus
893 1331 1062 1357 carnem
1075 1348 1084 1364 ,
1110 1331 1194 1356 non
1217 1316 1380 1357 medio-

19 1384 100 1426 cris
126 1400 265 1441 pugna
296 1394 382 1434 est,
408 1387 578 1442 quando
605 1386 692 1443 ipse
723 1385 946 1443 Apostolus
968 1401 1038 1427 vas
1065 1385 1282 1426 electionis
1310 1388 1380 1427 do-

18 1453 183 1496 minicae
216 1455 350 1497 dicit:
387 1473 402 1494 «
433 1455 562 1498 Video
595 1457 730 1513 legem
763 1455 898 1496 carnis
930 1471 1034 1496 meae
1069 1463 1377 1512 repugnantem

18 1541 34 1563 ³>
48 1524 128 1582 legi
145 1526 295 1567 mentis
310 1541 414 1568 meae
429 1559 438 1575 ,
463 1535 505 1568 et
521 1526 799 1584 captivantem
818 1541 886 1567 me
907 1526 948 1567 in
965 1528 1054 1583 lege
1072 1526 1248 1582 peccati,
1266 1527 1380 1582 quod

18 1603 112 1637 »est
144 1595 185 1636 in
210 1597 411 1638 membris
434 1596 580 1638 meis².
613 1615 628 1635 »
666 1597 820 1639 Sedare
850 1596 957 1637 hanc
982 1610 1165 1653 pugnam
1191 1596 1278 1653 ipse
1301 1611 1378 1637 ne-

20 1665 228 1722 quiverat,
261 1673 303 1707 et
324 1666 416 1708 ideo
444 1668 495 1708 ad
517 1666 731 1708 Christum
761 1667 952 1723 confugit
975 1666 1119 1707 dicens
1145 1682 1153 1707 :
1192 1684 1207 1704 «
1230 1667 1378 1708 Infelix

20 1751 35 1774 »
49 1749 125 1791 ego
143 1734 269 1777 homo
291 1736 408 1792 :quis
426 1751 493 1777 me
515 1737 709 1778 liberabit
726 1738 776 1778 de
801 1751 976 1793 corpore
995 1736 1142 1777 mortis
1161 1735 1306 1791 hujus3
1323 1736 1368 1777 P»

18 1804 109 1847 Hoc
125 1813 210 1851 est,
233 1821 286 1847 ne
309 1807 656 1848 delectationibus
683 1806 817 1848 carnis
842 1806 1090 1848 adhaeream.
1121 1805 1226 1856 Quis
1251 1806 1380 1862 igitur

19 1884 80 1917 est
113 1877 183 1932 qui
212 1876 275 1918 his
309 1892 377 1918 me
407 1879 538 1919 solvat
569 1878 773 1926 vinculis,
812 1886 852 1919 et
881 1878 1062 1926 liberum
1091 1876 1220 1918 societ
1248 1876 1337 1917 Deo
1358 1909 1370 1926 ,

19 1959 245 2002 sensusque
264 1947 316 1988 ad
337 1947 607 1988 sobrietatem
631 1947 778 1988 animae
799 1947 929 2004 magis
953 1947 1225 2002 detorqueat,
1249 1960 1377 2002 quam

20 2017 73 2058 ad
95 2016 279 2073 corporis
309 2017 628 2059 temulentiam?
652 2018 735 2060 Sed
757 2018 851 2074 quia
875 2018 982 2059 inter
1005 2017 1196 2059 homines
1211 2025 1378 2058 tantum

18 2099 104 2129 non
126 2086 265 2143 potuit
281 2094 492 2129 rectorem
511 2088 695 2129 invenire
708 2121 718 2136 ‚
742 2103 968 2129 conversus
987 2088 1035 2128 ad
1054 2087 1190 2128 Deum
1211 2101 1220 2127 z
1239 2104 1253 2123 «
1271 2085 1381 2127 Gra-

19 2156 122 2204 »tia‚
137 2156 293 2213 inqu-it,
311 2157 388 2198 Dei
402 2173 476 2215 per
492 2157 639 2200 Jesum
658 2158 872 2200 Christum
893 2157 1123 2202 Dominum
1142 2156 1170 2198 Δ.
1192 2175 1206 2194 »
1242 2155 1283 2197 Si
1301 2156 1383 2197 sor—

19 2223 100 2267 tior
117 2225 198 2267 suis
211 2241 304 2267 >non
328 2227 538 2269 commisit
554 2228 733 2277 viribus,
753 2229 866 2284 quod
887 2242 1040 2284 eorpus
1064 2226 1210 2267 mortis
1227 2226 1377 2267 evade-

18 2302 106 2344 ret,
147 2297 222 2337 sed
255 2296 453 2337 auxilium
475 2298 668 2354 quaesivit
708 2314 729 2340 a
762 2298 957 2345 Christ03
997 2296 1098 2352 quid
1128 2310 1203 2336 nos
1239 2294 1378 2335 facere

19 2374 184 2424 oportet
203 2366 491 2410 infirmiores?
512 2369 637 2411 Hanc
661 2384 844 2427 pugnam
874 2382 1042 2426 gravem
1064 2380 1161 2408 :esse
1180 2365 1376 2423 cognovit

19 2435 231 2479 Abraham
246 2470 257 2487 ,
276 2446 323 2480 >et
340 2438 433 2480 ideo
455 2438 497 2479 in
515 2439 722 2497 principio
742 2439 974 2482 cavendum
995 2436 1167 2495 putavit.
1190 2433 1377 2493 Sapienti

19 2506 132 2549 enim
154 2508 268 2566 pacis
287 2516 350 2550 est
371 2508 557 2551 studium
575 2543 585 2559 ‚
601 2509 863 2568 imprudenti
887 2508 1020 2550 amica
1044 2506 1195 2564 jurgia.

64 2604 75 2622 ¹
94 2600 176 2632 Gen.
192 2612 264 2640 xiii,
282 2613 313 2644 7.
330 2619 370 2626 -
389 2610 401 2625 2
424 2601 518 2634 Rom.
535 2613 597 2642 vu,
616 2603 668 2637 23.
689 2621 726 2628 —
748 2601 861 2635 ³1bid.
883 2601 933 2640 24.
951 2618 990 2627 --
1019 2597 1135 2632 ⁴1bid.
1153 2598 1208 2631 25.
