1742 3233
316 301 399 360 642
922 322 1057 352 mnnx.

313 399 421 431 Cnur
440 397 538 430 v111.
564 396 700 429 Terram
720 396 963 440 incompositam
990 398 1096 437 fuisse,
1119 403 1187 430 tum
1205 398 1278 439 quia
1298 396 1330 429 in
1346 407 1382 429 ea
1396 397 1476 429 nihil
1490 397 1557 429 dis-

359 451 475 490 tincti,
498 456 566 483 tum
588 450 662 493 quia
682 450 823 483 tenebris
846 457 928 485 esset
945 452 1060 484 velata.
1077 450 1234 483 Malitiam
1256 462 1313 493 pcr
1330 451 1476 484 tenebras
1492 462 1556 483 non

359 504 598 547 intelligendam
621 504 757 546 Spiritus
782 506 907 537 'sanctus
935 504 989 547 qui
1016 504 1177 537 serebatur
1201 515 1295 547 super
1311 515 1423 547 aquas,
1439 505 1563 547 aliaque

359 558 523 590 declarant
537 569 545 594 ;
560 557 614 588 sed
628 557 678 589 vel
692 557 827 589 maxime
840 557 926 600 quod
942 557 1060 589 malitia
1076 557 1202 589 nonnisi
1219 568 1235 588 a
1251 558 1342 589 nobis
1358 558 1492 590 oriatur.
1629 557 1667 588 52

318 607 429 644 onin-
453 612 516 644 lx.
536 611 675 644 Creatur
698 612 752 643 lux
771 622 779 642 ε
799 611 911 645 eadem
935 622 952 644 a
969 612 1109 644 tenebris
1123 612 1313 644 discernitur
1328 617 1423 655 atque
1439 622 1560 654 appro-

361 664 478 701 batur;
497 670 604 707 etqua
620 668 713 697 eausa
727 664 782 696 lux
799 663 881 701 dies.
900 665 936 696 ac
951 664 1092 697 tenebra}
1108 668 1189 703 nox,
1204 663 1383 707 appellatae.
1631 664 1669 694 58

321 718 436 750 Cnur
450 719 495 750 X.
512 718 606 750 Diem
626 717 713 750 nocti
729 723 841 750 contra
865 729 959 761 quam
980 718 1140 750 nonnullis
1160 718 1305 750 videatur
1328 718 1380 749 hic
1401 716 1566 759 anteponi.

364 772 433 804 Cur
448 772 515 804 dies
529 782 610 805 unus
633 772 740 816 potius
755 772 879 806 dicatur
903 784 999 816 quani
1015 774 1157 816 primus;
1177 783 1212 805 ac
1229 773 1387 806 matutino
1405 771 1467 804 fine
1483 782 1565 804 con-

365 824 524 859 cludatur.
1633 823 1668 854 δι

899 934 1033 967 LIBER
1059 934 1109 967 11.

789 1074 830 1095 DE
855 1074 959 1097 OPERE
985 1074 1119 1097 seeunnt
1147 1073 1224 1096 Dnzl.

325 1180 434 1212 CAPUT
459 1180 486 1212 Ι.
516 1179 678 1222 Operibus
702 1180 796 1223 primi
820 1180 883 1213 diei
901 1182 1047 1214 structim
1061 1182 1242 1220 recensitis,
1260 1181 1449 1224 rejectisque
1465 1182 1502 1213 iis
1518 1181 1571 1224 qui

372 1233 492 1265 mundo
509 1233 676 1266 materiam
696 1239 847 1266 aeternam
864 1234 1069 1276 affingebant,
1089 1236 1202 1267 transit
1218 1235 1259 1267 ad
1275 1235 1446 1267 secundum
1463 1235 1547 1267 diem
1563 1258 1573 1272 ‚

373 1294 405 1321 et
420 1288 453 1319 in
467 1299 573 1321 rerum
586 1287 747 1329 creatione
759 1298 824 1320 non
841 1293 964 1321 naturae
979 1289 1237 1331 possibilitatem,
1253 1289 1308 1321 sed
1325 1289 1501 1331 potentiam
1517 1288 1578 1320 Dei

373 1342 580 1385 spectandam
592 1341 695 1374 docet.
1643 1343 1684 1381 64

333 1397 444 1429 Cum
465 1397 512 1429 ΙΙ.
539 1396 814 1437 Firmamentum,
840 1402 874 1429 ut
902 1398 1002 1439 aquas
1023 1392 1063 1429 ab
1084 1398 1174 1440 aquis
1199 1397 1419 1434 disterminet,
1442 1402 1579 1431 creatur.

374 1451 456 1482 Coeli
473 1450 653 1494 probantur
668 1451 777 1494 plures
801 1461 885 1489 esse,
908 1461 944 1483 ac
958 1451 1131 1483 coelestium
1147 1450 1275 1482 orbium
1298 1456 1469 1483 concentus
1484 1450 1581 1483 resel-

380 1506 472 1539 litur.
1646 1508 1687 1539 66

335 1559 447 1592 Caru'r
474 1559 544 1593 111.
572 1560 824 1594 Firmamentum
849 1572 913 1593 non
932 1561 1018 1593 idem
1043 1571 1109 1593 esse
1128 1571 1163 1593 ac
1182 1561 1296 1593 eoelum
1316 1573 1324 1592 :
1340 1570 1428 1593 veras
1441 1572 1537 1604 aquas
1552 1572 1601 1594 su-

379 1625 438 1658 per
458 1616 528 1658 ipso
551 1615 690 1649 residere
713 1627 881 1659 perperam
894 1616 1001 1658 negari
1017 1628 1025 1655 ;
1044 1616 1139 1658 idque
1154 1615 1277 1648 ostendi
1296 1615 1459 1658 Scriptura
1471 1639 1482 1656 ,
1499 1627 1605 1648 exem-

386 1669 460 1711 plis,
475 1680 510 1702 ac
521 1669 689 1713 multiplici
704 1670 847 1710 ratione;
863 1669 917 1703 ubi
932 1670 986 1714 qui
996 1669 1129 1702 calidam
1138 1669 1196 1702 soli
1207 1674 1354 1702 naturam
1366 1670 1466 1702 inesse
1479 1670 1604 1710 nolunt,

381 1724 602 1757 revincuntur.
1649 1724 1690 1767 69

341 1778 452 1810 cunr
468 1778 528 1810 IV.
547 1777 672 1811 Coelum
687 1789 804 1811 nornen
818 1776 1007 1815 commune;
1031 1778 1164 1821 speciale
1178 1788 1264 1815 vero,
1282 1777 1539 1817 firmamentum3
1555 1784 1589 1811 et

385 1833 470 1865 unde
484 1843 545 1864 vox
561 1838 697 1875 utraque
716 1832 890 1875 desumpta.
916 1832 1002 1864 Hinc
1015 1832 1085 1864 coeli
1101 1832 1300 1875 acceptiones
1312 1833 1486 1871 nonnullae,
1503 1837 1535 1865 et
1548 1832 1588 1864 ad

387 1892 566 1919 extremum
588 1897 661 1919 cum
681 1886 835 1919 coelorum
859 1897 894 1919 ac
919 1885 1110 1919 firmamenti
1124 1891 1215 1926 ‚tum
1228 1897 1383 1929 aquarum
1398 1886 1526 1919 moralis
1541 1886 1590 1919 in-

388 1940 591 1983 terpretatio.
1660 1939 1701 1982 76

348 1994 459 2026 enar
471 1995 515 2027 V.
541 1995 646 2035 Quam
672 1995 812 2039 perfecta
828 1995 933 2029 Patris
957 2005 994 2035 ac
1020 1994 1092 2026 Filii
1110 1994 1142 2026 in
1164 1993 1315 2037 operibus
1338 1994 1401 2027 suis
1414 1995 1598 2037 conjunctio

396 2049 507 2081 videre
527 2049 561 2081 in
588 2050 659 2083 Deo
674 2050 759 2082 idem
774 2056 869 2093 atque
885 2044 1075 2093 approbare.
1094 2048 1184 2092 Opus
1202 2048 1344 2089 laudare,
1359 2046 1503 2092 'partibus
1518 2060 1598 2081 non-

394 2104 470 2137 dum
484 2104 650 2148 absolutis,
665 2105 736 2139 Deo
756 2105 934 2149 proprium.
1666 2115 1707 2147 79

922 2232 1057 2266 LIBER
1081 2232 1147 2265 III.

843 2363 881 2385 DE
906 2359 1010 2386 ΟΡΕΒἙ
1034 2358 1147 2386 'rrum
1172 2358 1248 2386 mer.

364 2489 475 2525 Cum·
493 2490 523 2524 Ι.
547 2490 629 2524 Cum
641 2498 732 2535 aquae
748 2489 857 2522 divino
873 2489 1025 2522 obediant
1037 2489 1183 2532 imperio,
1200 2488 1346 2522 homines
1357 2488 1462 2522 eidem
1475 2499 1539 2522 non
1553 2500 1609 2533 pa-

408 2558 480 2581 rere
496 2546 695 2590 flagitiosum.
715 2546 756 2578 In
771 2555 925 2588 aquarum
937 2545 1182 2587 congregatione
1197 2544 1348 2577 Ecclesiae
1363 2543 1494 2587 figuram
1505 2545 1612 2588 expri-

412 2603 470 2635 mi.
498 2603 606 2642 Quam
634 2591 822 2644 praeclarum
844 2599 1060 2639 spectaculum
1084 2598 1233 2634 exhibeat
1256 2599 1367 2633 eadem
1393 2599 1552 2639 Ecclesia;
1579 2605 1613 2633 et

417 2657 578 2700 quomodo
592 2666 689 2700 super
701 2654 832 2690 flumina·
845 2654 976 2690 fundata
988 2654 1038 2688 sit.
1467 2691 1478 2701 ι
1560 2700 1564 2702 .
1676 2651 1721 2694 82
