1742 3233
8 0 14 171 ί

6 190 11 319 t

2 514 26 780 ἴ,

764 143 792 174 (a

442 251 494 278 nn
529 250 625 278 cxlx
657 251 708 278 ET
745 251 862 277 ABEL.
899 251 978 278 Lm.
1017 251 1061 278 11.
1351 239 1436 296 393

80 337 144 370 ter
161 327 308 370 divinae
329 327 556 383 majestatis
573 327 775 370 offensam
792 328 1007 385 subjectus
1025 329 1161 370 sactus
1178 338 1239 371 est
1256 332 1437 387 populus

77 398 337 440 Judaeorum.
367 397 450 440 Nec
475 397 506 438 is
525 398 710 454 quidem,
735 398 806 454 qui
830 398 983 440 invitus
1005 399 1173 455 aliquod
1197 399 1339 441 fecerit
1363 401 1439 442 ho—

76 467 315 515 micidium,
337 475 451 508 extra
468 468 746 509 ministerium
773 476 846 510 est.
881 467 1096 524 Siquidem
1119 470 1184 510 lex
1203 469 1258 510 ait
1281 471 1334 511 de
1356 485 1432 512 eo:

89 555 104 575 «
127 538 236 589 Quia
254 538 366 578 Deus
390 537 505 578 dedit
526 537 677 578 eumin
700 553 826 579 manu
845 537 936 594 ejus
963 537 974 559 ¹

985 570 993 579 .
1017 557 1032 576 n
1060 538 1205 580 Manus
1226 554 1323 596 ergo
1345 539 1437 595 eJus

79 606 344 647 instrumenti
370 607 496 647 modo
515 606 663 648 divinae
684 594 833 648 ultioni
851 607 1127 648 ministerium
1147 609 1433 664 praebuerunt.

75 676 238 718 Levites
271 676 397 732 igitur
422 675 612 718 minister
628 676 894 719 -remissionis
922 685 1011 719 est:
1041 693 1263 735 percussor
1296 687 1436 720 autem

77 746 147 802 qui
172 755 311 787 tamen
333 761 415 787 non
434 761 484 787 ex
504 746 776 804 dispositione
792 781 802 796 ,
828 748 901 788 sed
920 755 1072 804 praeter
1096 749 1356 790 voluntatem
1372 748 1436 790 se-

78 816 181 858 ecrit
202 816 477 858 homicidium
491 849 501 864 ,
522 816 668 858 divinae
685 817 874 859 minister
891 825 953 858 est
975 817 1158 860 ultionis.

135 886 247 929 XVI.
285 888 393 928 Illud
419 901 585 943 quoque
616 895 780 944 specta,
818 888 913 944 quia
945 903 1042 929 cum
1070 887 1322 929 interficitur
1354 889 1435 930 im-

75 956 190 1014 pius,
231 956 420 998 Christus
458 957 704 999 infunditur.
742 957 795 999 Et
828 957 901 997 ubi
934 957 1188 998 abominatio
1225 959 1433 1007 aboletur,

76 1025 349 1068 sanctificatio
380 1035 683 1084 congregatum
719 1027 815 1082 qui-a
850 1027 1056 1068 Dominus
1089 1027 1190 1067 dixit
1217 1042 1224 1067 :
1267 1044 1281 1064 «
1308 1027 1355 1067 In
1385 1041 1434 1068 ea

75 1095 171 1136 »die
203 1110 284 1152 qua
310 1095 498 1137 interfeci
526 1111 650 1137 omne
675 1096 1005 1152 primogenitum
1028 1095 1218 1152 AEgypti,
1247 1094 1437 1136 sanctifi-

76 1165 194 1206 »cavi
219 1165 322 1206 mihi
353 1181 478 1219 omne
511 1165 836 1223 primogenitum
862 1163 1030 1206 Israel².
1058 1183 1073 1203 »
1116 1165 1241 1215 Quod
1266 1179 1351 1205 non
1384 1164 1437 1205 ad

72 1250 204 1276 unum
228 1235 338 1276 diem
355 1235 590 1277 afflictionis
612 1234 781 1292 :Egypti
804 1234 975 1282 resereS,
1003 1236 1077 1276 sed
1098 1235 1151 1276 ad
1173 1250 1300 1275 omne
1323 1243 1433 1275 tem-

74 1319 164 1360 pus.
196 1303 303 1345 Cum
326 1304 438 1345 enim
455 1304 722 1346 renuntiatur
745 1304 1004 1361 improbitati
1022 1335 1032 1349 .
1059 1304 1196 1344 statim
1221 1303 1439 1344 asciscitur

73 1373 217 1416 virtus.
241 1374 440 1431 Egressus
458 1374 568 1416 enim
595 1373 762 1415 malitiae
779 1373 942 1415 virtutis
960 1381 1156 1430 operatur
1173 1372 1405 1430 ingressum
1422 1387 1433 1414 ε

75 1445 307 1500 eodemque
336 1444 473 1486 studio
509 1459 592 1501 quo
621 1444 781 1485 crimen
810 1443 1062 1492 excluditur,
1091 1443 1329 1484 innocentia
1363 1458 1437 1484 co-

73 1514 255 1570 pulatur.
283 1513 421 1555 Habes
444 1513 526 1555 hoc
551 1514 592 1554 in
614 1513 866 1570 Evangelio;
893 1513 989 1570 quia
1006 1513 1077 1554 ubi
1096 1512 1269 1554 Satanas
1293 1512 1437 1554 immi-

74 1583 127 1625 sit
147 1600 189 1626 se
207 1584 247 1625 in
266 1599 339 1625 cor
358 1582 479 1626 Judae
496 1583 528 1633 ³,
556 1584 744 1625 Christus
764 1584 934 1626 recessit
956 1585 1007 1626 ab
1029 1599 1078 1625 eo
1092 1616 1102 1632 ,
1129 1592 1434 1640 momentoque

75 1668 125 1695 eo
147 1669 229 1709 quo
261 1654 379 1695 illum
407 1654 590 1711 recepit,
617 1654 731 1695 huuc
755 1654 904 1695 amisit.
930 1653 1122 1710 Denique
1147 1653 1204 1695 sic
1228 1653 1434 1710 scriptum

75 1732 137 1765 est
167 1739 175 1765 ι
207 1741 223 1762 «
253 1724 305 1765 Et
340 1732 434 1781 post
468 1724 705 1765 buccellam
743 1723 930 1765 introivit
957 1724 998 1764 in
1035 1739 1131 1764 eum
1167 1721 1380 1763 Satanas‘*.
1408 1740 1425 1761 n

71 1793 186 1839 Dixit
210 1810 309 1852 ergo
344 1795 401 1835 illi
429 1793 552 1836 Jesus
578 1810 586 1835 ε
624 1813 639 1832 «
663 1795 788 1846 Quod
821 1795 945 1843 facis,
974 1795 1039 1836 sac
1070 1793 1290 1836 celerius⁵.
1320 1792 1435 1844 Quid

75 1864 208 1909 illud?
242 1866 294 1906 [t
325 1865 419 1921 quia
449 1865 667 1906 introierat
697 1865 740 1906 iu
774 1865 891 1906 illum
917 1864 1112 1912 Satanas,
1148 1865 1233 1921 ipse
1257 1863 1391 1904 abiret
1413 1877 1436 1904 a

77 1933 256 1976 Christo.
285 1934 465 1991 Ejicitur
494 1934 634 1991 itaque
660 1943 702 1976 et
730 1935 984 1982 excluditur,
1007 1949 1057 1975 eo
1083 1935 1196 1991 quod
1219 1934 1307 1990 jam
1336 1947 1435 1975 cum

73 2002 257 2046 Domino
276 2003 375 2046 Jesu
393 2020 482 2046 esse
503 2020 587 2046 non
605 2005 759 2062 possit;
781 2004 874 2061 quia
901 2012 1086 2061 coeperat
1104 2019 1192 2046 esse
1217 2019 1314 2045 cum
1343 2003 1435 2045 dia-

74 2072 199 2122 bolo;
219 2076 332 2115 nulla
353 2075 465 2116 enim
489 2074 817 2116 communicatio
845 2073 1000 2115 Christi
1027 2088 1124 2115 cum
1145 2073 1288 2115 Belial.
1314 2073 1438 2114 [nde

77 2143 215 2185 statim
244 2143 418 2201 imperio
441 2145 635 2201 expulsus
658 2143 885 2191 abscessit,
911 2143 1018 2185 sicut
1040 2144 1239 2200 legimus,
1267 2143 1437 2185 dicente

75 2212 333 2270 Evangelista
360 2229 369 2254 :
395 2232 409 2251 «
437 2213 630 2264 Quicum
648 2214 876 2271 accepisset
893 2213 1127 2255 buccellam
1144 2246 1155 2262 ,
1182 2214 1305 2255 exivit
1329 2228 1435 2254 con-

75 2299 92 2320 »
106 2282 222 2323 tinuo
235 2281 268 2330 ⁶3
284 2286 308 2321 'n
332 2291 421 2324 erat
437 2282 547 2324 enim
566 2299 659 2325 nox.
683 2284 774 2326 Non
792 2285 927 2325 solum
945 2283 1094 2331 exivit,
1114 2285 1187 2324 sed
1206 2283 1406 2324 continuo
1419 2315 1432 2332 ,

76 2360 118 2393 et
140 2361 264 2394 nocte
296 2353 431 2394 exivit.
469 2353 556 2395 Nec
582 2353 738 2395 mirum
771 2354 803 2394 si
835 2353 970 2395 noctis
1002 2353 1196 2394 tenebras
1222 2353 1432 2400 habebat,

77 2422 147 2479 qui
169 2422 382 2464 Christum
406 2424 637 2466 deserebat.
666 2423 821 2466 Verum
841 2423 948 2466 sicut
972 2424 1058 2481 ipse
1079 2431 1273 2480 receptus
1299 2438 1319 2463 a
1343 2422 1436 2464 dia-

122 2535 130 2549 ¹
152 2526 252 2559 Exod.
274 2538 351 2565 xxi,
375 2529 422 2559 13,
439 2547 478 2553 —
498 2540 509 2553 ²
532 2529 624 2562 Num.
647 2542 696 2567 ιιι,
715 2530 763 2562 13.
786 2548 820 2554 -
844 2531 857 2553 ³
872 2530 1061 2566 Joan.x111,
1083 2540 1111 2561 2.
1129 2546 1169 2553 —-
1187 2527 1310 2561 ⁴1bid.
1328 2538 1375 2570 ²7·
1393 2544 1438 2551 -

30 2576 45 2580 ⁴*
79 2582 93 2604 5
110 2581 198 2614 lbid,
216 2600 256 2605 —
273 2583 287 2605 ⁶
305 2582 391 2616 lbid.
410 2584 459 2616 30.
