1747 3260
289 288 339 315 10
733 283 915 313 SANCTUS
951 283 1187 318 Amssnosms,

283 379 426 413 anno
466 358 592 430 3873
633 377 741 429 quo
777 358 995 429 quidem
1029 371 1293 429 tempore..
1330 360 1638 430 quibusque

283 441 595 494 doctoribus
623 442 871 491 inventus
891 440 1104 492 videtur
1125 452 1176 491 et
1201 440 1508 492 decantatus
1532 443 1638 509 ilie,

283 524 377 593 qui
413 525 487 574 Te
515 524 693 574 Deam
723 520 921 572 dicitur
947 522 1202 590 hymnus,
1219 523 1494 592 sanctique
1514 525 1638 572 Am-

284 604 449 655 brosii
479 603 692 654 nominc
723 603 1111 653 circumfertur.

352 683 552 735 Eodem
591 702 732 734 anno
775 684 842 733 ab
885 684 1218 753 imperatrice
1256 684 1481 749 Justina7
1520 702 1639 753 quae

284 766 433 817 illum
461 777 568 816 tam
605 764 793 815 acerbe
820 776 1115 831 vexaverat5
1144 763 1210 814 ad
1242 765 1529 816 Maximum
1561 777 1641 833 ty-

286 866 512 897 rannum
539 847 733 896 iterum
761 845 1075 915 deputatus,
1105 858 1331 915 acceptae
1361 848 1640 897 immemor

283 928 515 997 injuriae,
552 946 752 978 novum
787 926 940 978 adire
970 946 1078 978 non
1106 927 1297 982 abnuit
1323 928 1639 997 periculum.

288 1008 444 1060 Unde
497 1009 647 1059 brevi
692 1027 958 1073 reversus,
1007 1008 1372 1059 Theodosium
1418 1010 1644 1078 impera-

287 1102 482 1154 torem,
535 1091 629 1160 qui
680 1091 946 1142 Callinicae
996 1091 1248 1160 episcopo
1301 1091 1570 1141 incensam
1616 1107 1645 1140 a

285 1171 599 1222 Christianis
621 1190 940 1240 synagogam
965 1170 1283 1221 reaedificare
1307 1181 1645 1241 praeceperat‚

284 1252 498 1321 publice
525 1250 845 1319 redarguere
872 1271 1032 1303 ausus
1060 1263 1153 1302 est.

356 1331 440 1382 Ad
459 1333 560 1383 hoc
579 1334 849 1403 temporis,
868 1353 989 1384 cum
1011 1332 1149 1384 dona
1170 1352 1326 1385 sacrae
1346 1351 1535 1384 mensae
1554 1332 1649 1383 ob-

299 1414 856 1484 tulissetimperato12,‹<
877 1416 1027 1466 Intus
1040 1414 1106 1465 ad
1121 1416 1378 1466 cancellos
1392 1414 1648 1481 substitit,

287 1497 424 1547 sicut
456 1507 816 1547 consueverat.
864 1496 1089 1564 Magnus
1138 1496 1456 1547 Ambrosius
1495 1496 1651 1546 silen-

290 1578 424 1628 tium
446 1595 555 1627 non
583 1578 772 1643 tenuit,
802 1577 894 1629 sed
918 1578 1158 1629 locorum
1189 1577 1498 1628 discrimina
1528 1594 1647 1646 quae

293 1669 466 1710 essent
493 1657 729 1722 edocuit3
760 1678 819 1710 ac
846 1660 1081 1729 primum
1108 1658 1328 1728 quidem
1355 1658 1650 1725 interroga-

294 1741 371 1790 vit
410 1758 546 1802 eum,
591 1740 857 1811 numquid
895 1742 1081 1792 vellet?
1122 1752 1172 1791 et
1209 1759 1330 1791 cum
1366 1741 1655 1809 imperator

294 1820 691 1891 respondisset:
722 1823 1018 1875 Praestolari
1057 1841 1110 1873 se
1147 1840 1420 1873 sacrorum
1464 1831 1657 1889 myste-

297 1903 500 1953 riorum
523 1905 920 1974 perceptionem
942 1900 1037 1974 per
1055 1903 1529 1966 Archidiaconum,
1546 1903 1656 1953 haec

305 1983 353 2034 ei
382 1984 698 2052 significavit
717 1986 1006 2037 :Interiora
1035 1986 1167 2051 loca,
1190 1985 1504 2054 Imperator,
1529 1982 1652 2034 solis

298 2065 665 2118 sacerdotibus
713 2079 912 2137 patent7
956 2068 1178 2137 reliquis
1220 2066 1473 2118 omnibus
1517 2066 1660 2116 inac-
1733 2051 1735 2114 ἶ

299 2164 440 2196 cessa
480 2159 606 2198 sunt
640 2159 692 2199 et
730 2149 943 2206 intacta.
982 2147 1225 2199 Abscede
1262 2149 1443 2217 igitur,
1473 2158 1524 2198 et
1550 2164 1661 2197 una

300 2245 423 2277 eum
452 2227 568 2279 aliis
595 2231 839 2282 consiste.
879 2231 1014 2282 Nam
1044 2248 1285 2300 purpura
1315 2231 1661 2299 imperatores
1732 2231 1734 2247 ²

301 2307 441 2375 facit,
488 2328 598 2361 non
640 2311 960 2363 sacerdotes.
1014 2312 1195 2378 'Quam
1238 2310 1662 2362 admonitionem
1730 2375 1731 2382 ἵ

301 2408 454 2459 aequo
472 2393 660 2445 animo*
673 2394 970 2464 suscipiens
994 2393 1282 2463 imperator
1291 2390 1661 2457 fidelissimus,

301 2472 599 2524 renuntiari
625 2473 793 2544 jussit
834 2474 1165 2526 Ambrosio-2
1205 2474 1277 2525 Se
1323 2488 1664 2543 nequaquam
1728 2462 1732 2507 3

233 2626 235 2628 Ι
300 2555 602 2622 arrogantia
626 2556 838 2609 elatu-m
879 2557 1020 2610 intra
1058 2553 1664 2621 cancellos-substitisse,
1728 2564 1731 2629 j
