1747 3260
343 301 368 328 >1
376 300 431 341 90
891 294 922 320 S.
964 295 1151 321 AMBROSII

341 375 478 420 studio
495 371 772 430 spectantium
792 377 833 410 et
849 385 991 411 amore
1008 370 1222 411 certatur?
1238 371 1381 426 Equus
1405 379 1543 414 tamen
1564 373 1605 415 in
1627 389 1696 416 va-

342 461 443 489 num
470 441 623 489 currit,
652 455 735 481 uon
762 440 804 480 in
833 454 986 480 vanum
1015 440 1188 496 navigia.
1226 441 1300 482 Ille
1328 441 1369 482 in
1391 457 1570 492 vanum,
1588 447 1694 500 quia

340 523 498 558 vacuus
518 528 526 554 :
552 512 627 552 ista
652 511 703 551 ad
723 509 967 557 utilitatem,
993 509 1110 565 quasi
1127 512 1247 567 plena
1270 510 1482 553 frumeuti.
1511 513 1626 564 Quid
1646 514 1693 556 iis

334 585 617 644 ‘gratius‚·quae
631 594 714 621 non
728 580 902 620 verbere
915 587 1111 636 aguntur,
1125 581 1198 621 sed
1211 588 1431 622 ventorum
1445 582 1690 639 spiramine:

282 669 286 672 ·
334 655 415 696 ι1ὼί
431 668 556 695 nemo
577 650 829 706 refragatur,
857 651 929 690 sed
953 664 1098 691 omues
1120 650 1301 691 fautores
1324 659 1420 692 suut
1441 666 1449 692 :
1473 652 1545 693 ubi
1569 668 1693 695 nemo

333 724 523 767 vinciun-
552 720 809 776 quicumque
837 718 1100 774 pervenerit,
1139 721 1213 760 sed
1243 736 1387 762 omues
1416 736 1575 778 puppes
1600 737 1694 778 quae

335 801 544 853 pervectae
567 790 742 836 suerint,
767 797 1022 830 coronantur
1042 804 1051 831 :
1076 790 1149 831 ubi
1172 792 1309 847 palma
1332 806 1493 833 merces
1520 792 1662 834 salutis
1679 825 1690 841 ,

334 863 515 907 victoria
546 859 730 918 pretium
762 858 1027 915 regressionis
1057 867 1131 900 est.
1169 859 1386 910 Quantum
1422 861 1532 901 enim
1570 862 1693 904 distat

338 937 447 978 iuter
466 933 645 974 directos
667 944 812 970 cursus
834 943 882 969 ac
901 928 1077 969 reflexos
1097 929 1113 969 Ρ
1135 929 1205 969 Isti
1229 938 1551 986 perpetuantur,
1572 931 1613 972 hi
1631 947 1694 972 re-

341 1007 570 1046 solvuntur.
621 999 814 1055 'Adiungss
861 998 1045 1055 remigiis
1091 1006 1283 1040 contexta
1328 1000 1466 1041 littora
1482 1032 1494 1048 ,
1542 1001 1694 1056 quibus

333 1076 530 1119 vexillum
548 1070 727 1114 exeundi
745 1084 842 1110 aura
864 1070 914 1109 de
933 1070 1038 1109 coelo
1056 1077 1130 1110 ost.
1159 1069 1304 1125 Itaque
1326 1069 1477 1127 aurigae
1496 1072 1693 1127 plausum

334 1146 508 1187 vinanem
530 1142 717 1183 referunt
737 1154 745 1180 :
773 1139 815 1180 hi
837 1140 1003 1179 solvunt
1023 1146 1117 1179 vota
1140 1139 1302 1181 servati.

396 1212 578 1257 XXXV.
617 1210 732 1261 Quid
767 1210 817 1249 dc
846 1208 952 1249 Joua
987 1208 1160 1265 dignum
1200 1210 1371 1264 loquar,
1412 1224 1536 1265 quem
1575 1218 1692 1252 cetus

330 1284 502 1341 ‘excepit
521 1284 572 1323 ad
589 1281 732 1326 Vitam,
750 1278 932 1319 reddidit
950 1279 1000 1319 ad
1018 1278 1296 1334 prophetandi
1310 1279 1484 1335 gratiam
1500 1280 1516 1320 Ρ
1535 1280 1694 1322 Emen-

327 1355 450 1398 -davit
472 1367 575 1408 aqua
592 1384 601 1399 ,
627 1364 751 1406 quem
775 1357 940 1389 terrena
964 1348 1221 1389 deflexerant
1240 1363 1249 1389 :
1278 1349 1483 1405 psallebat
1506 1350 1548 1390 in
1571 1358 1690 1392 utero

338 1425 435 1472 ceti,
455 1422 526 1479 qui
544 1420 748 1462 moerebat
763 1419 803 1459 iu
824 1418 955 1459 terris.
979 1418 1031 1458 Et
1051 1425 1097 1458 ut
1119 1417 1337 1474 utriusque
1357 1419 1592 1476 redemptio
1605 1435 1691 1462 non

327 1500 609 1554 ¹praetereatur
639 1489 834 1531 elementi
857 1521 867 1536 ‚
900 1496 1108 1529 terrarum
1138 1489 1245 1529 salus
1269 1489 1310 1528 in
1338 1488 1441 1529 mari
1468 1497 1566 1530 anto
1592 1505 1691 1547 prae-

338 1565 485 1612 cessit,
509 1562 603 1619 quia
628 1560 790 1617 siguum
814 1558 906 1599 Filii
934 1557 1113 1599 hominis
1137 1558 1302 1614 siguum
1325 1557 1455 1599 Jonae.
1480 1558 1595 1600 Sicut
1613 1559 1690 1601 iste

338 1637 380 1678 in
404 1643 521 1676 utero
556 1631 658 1679 ceti,
683 1629 740 1671 sic
761 1629 883 1670 Jesus
907 1628 947 1668 in
971 1629 1099 1669 corde
1119 1636 1255 1669 terrae.
1279 1628 1324 1669 In
1348 1636 1525 1684 utroque
1552 1644 1692 1670 reme-

335 1695 475 1752 dium;
500 1702 635 1758 majus
653 1708 792 1742 tamen
817 1699 857 1739 iu
878 1697 984 1739 mari
1003 1698 1167 1754 pietatis
1190 1699 1430 1754 exemplum
1451 1714 1462 1745 ;
1487 1698 1688 1754 quoniam

323 1781 586 1833 exceperunt
613 1771 746 1829 pisces
766 1802 777 1818 ,
810 1784 936 1825 quem
967 1768 1159 1810 homiues
1193 1769 1452 1817 refutarunt,
1486 1776 1527 1809 et
1562 1784 1687 1825 quem

336 1846 526 1890 homiues
549 1840 868 1887 crucifixerunt,
888 1839 1022 1896 pisces
1041 1847 1272 1880 servarunt.
1294 1838 1440 1879 Petrus
1463 1853 1629 1895 quoque
1647 1839 1689 1881 in

325 1917 439 1960 ‘mari
470 1914 641 1959 titubat,
666 1911 736 1951 sed
767 1924 849 1950 non
875 1908 1059 1949 labitur:
1084 1916 1125 1948 et
1151 1908 1363 1948 consessus
1391 1907 1432 1948 in
1459 1906 1686 1955 fluctibus,

334 1996 473 2030 tamen
503 1981 668 2040 negavit
690 1980 732 2021 in
760 1979 895 2021 terris.
930 1978 1075 2033 Itaque
1106 1977 1189 2018 illic
1215 1977 1331 2033 quasi
1356 1978 1530 2018 devotus
1558 1991 1689 2018 manu

332 2053 661 2116 apprehenditur
686 2066 694 2093 :
727 2050 796 2092 hic
823 2049 940 2105 quasi
973 2048 1127 2089 oblitus
1160 2055 1331 2103 aspectu
1362 2047 1552 2088 censorio
1583 2062 1690 2088 con-

330 2129 511 2171 venitur.
532 2124 614 2166 Sed
630 2118 1181 2179 janirogemus·Dominum‚
1202 2125 1248 2158 ut
1258 2132 1395 2158 sermo
1412 2125 1553 2158 noster
1569 2117 1686 2173 quasi

319 2199 457 2243 “Jonas
480 2195 672 2252 ejiciatur
693 2192 735 2232 in
757 2199 913 2232 terram
932 2221 942 2238 ‚
978 2203 1030 2229 ne
1054 2187 1213 2229 diutius
1243 2187 1284 2227 in
1308 2187 1393 2227 salo
1414 2185 1602 2228 fluctuet.
1632 2187 1686 2228 Et

326 2270 437 2312 bene
459 2266 544 2323 jam
559 2261 683 2306 exivit
701 2259 938 2307 cucurbita,
957 2272 1049 2314 quae
1074 2256 1300 2298 obumbret
1322 2270 1398 2296 nos
1413 2270 1436 2296 a
1455 2255 1575 2297 malis
1592 2271 1687 2297 nos-

318 2339 403 2381 <tris
423 2353 431 2379 :
457 2336 583 2377 sedet
599 2333 686 2389 ipsa
706 2330 964 2388 procedente
982 2326 1265 2368 solearefacta
1284 2327 1481 2367 admouet
1502 2326 1686 2382 requies-

318 2409 521 2454 cendum,
545 2419 598 2446 ne
623 2403 663 2444 in
686 2409 795 2442 terra
816 2406 991 2441 aestuane
1007 2395 1256 2452 incipiamus
1278 2394 1469 2453 ingenio,
1495 2403 1537 2444 et
1558 2395 1682 2436 nothis

315 2479 455 2523 Letiam
484 2475 615 2518 ‘verba
636 2470 855 2523 deficiant.
890 2468 1024 2510 «Certe
1058 2465 1301 2524 pl=1s1n0his
1331 2479 1459 2523 quam
1488 2464 1683 2509 Ninivitis
1726 2512 1729 2518 y

316 2551 422 2594 *data
443 2546 568 2589 estin
592 2541 707 2600 aquis
720 2538 912 2584 remissio
927 2544 1227 2596 peccatorum.
