1742 3233
305 263 390 308 316
848 281 877 310 s.
919 281 1104 312 Aaiuaosu

298 452 355 463 uz
361 452 416 464 ιι,
425 453 477 464 “a
485 453 538 465 §15
544 453 662 466 mm*
671 453 785 465 ‘sss-ss
791 453 846 466 tw·-
851 453 908 464 §22
913 452 970 464 ι-νὶ
975 453 1031 464 su
1038 452 1279 465 muzwvt5tw
1285 452 1462 467 musas
1467 455 1521 468 51&
1528 455 1649 469 mm

821 585 996 628 CAPUT
1029 585 1123 629 XII.

296 744 520 801 Serpentis
551 744 694 799 qualis
725 745 857 801 fuerit
893 745 1111 802 sapientia
1135 760 1146 787 :
1174 744 1386 800 quomodo
1412 744 1645 787 mulierem

355 828 582 873 aggressus
603 816 685 862 sic,
711 814 905 870 qualisve
933 814 1064 871 hujus
1093 816 1330 872 responsio,
1360 830 1494 870 quam
1517 814 1649 871 longa

355 885 566 942 digressio
592 884 642 927 do
663 885 858 940 quadam
879 888 995 927 circa
1011 900 1109 927 eam
1130 900 1224 927 rom
1247 884 1519 928 dubitatione
1541 899 1644 926 con-

354 956 561 1010 sequitur.

357 1114 459 1158 LIV.
481 1131 496 1152 «
524 1113 705 1157 SERPENS
740 1121 880 1155 autem
906 1122 995 1155 erat
1023 1112 1251 1170 sapientior
1272 1112 1462 1154 omnium
1491 1112 1647 1154 bestia-

296 1204 311 1224 »
325 1200 419 1226 rum
437 1199 527 1241 quae
550 1192 668 1225 erant
694 1199 818 1240 super
838 1191 991 1225 terram
1009 1216 1018 1231 ,
1042 1198 1143 1239 quas
1167 1182 1265 1224 fecit
1285 1182 1491 1224 Dominus
1514 1182 1643 1231 Deus,

298 1274 311 1294 ι)
325 1264 366 1297 et
393 1254 494 1296 dixit
511 1269 679 1310 serpens
704 1253 868 1295 mulieri
888 1268 897 1295 :
919 1253 1034 1304 Quid
1050 1252 1193 1308 utique
1212 1252 1312 1293 dixit
1332 1252 1464 1300 Deus,
1484 1267 1535 1293 ne
1554 1253 1647 1293 eda—

297 1344 312 1364 »
329 1325 377 1366 tis
400 1325 450 1365 ab
474 1323 587 1365 omni
607 1323 719 1380 ligno
746 1324 859 1379 quod
880 1330 940 1364 est
964 1323 1006 1363 in
1023 1323 1213 1379 paradiso
1232 1321 1242 1342 ¹
1259 1324 1276 1362 Ρ
1292 1340 1307 1361 »
1324 1322 1431 1363 Cum
1457 1322 1558 1364 dicit
1587 1336 1647 1364 sa-

293 1394 541 1452 pientiorem
573 1402 834 1451 serpentem,
860 1393 1054 1449 intelligis
1083 1407 1208 1449 quem
1234 1393 1454 1448 loquatur,
1484 1392 1526 1434 id
1553 1400 1642 1439 est,

293 1465 409 1506 illum
442 1464 723 1506 adversarium
758 1472 948 1505 nostrum
981 1463 1051 1519 qui
1083 1470 1246 1505 tantum
1279 1462 1408 1504 habet
1437 1461 1565 1519 hujus
1587 1477 1644 1504 sa-

293 1535 492 1592 pientiam
513 1535 660 1576 mundi
685 1534 715 1576 ².
751 1534 833 1575 Sed
852 1542 894 1575 et
925 1535 1115 1590 voluptas
1145 1541 1268 1589 atque
1293 1533 1514 1575 delectatio
1537 1534 1646 1575 bene

291 1605 453 1662 sapiens
471 1604 624 1646 dicitur
638 1637 648 1653 ,
675 1604 770 1661 quia
793 1612 835 1646 et
857 1603 1055 1662 sapientia
1074 1603 1209 1645 carnis
1234 1605 1467 1661 appellatur
1484 1603 1645 1661 sapien-

295 1675 365 1724 tia,
387 1674 494 1716 sicut
509 1675 638 1716 habes
659 1690 667 1716 ε
686 1693 701 1712 «
719 1674 828 1726 Quia
845 1674 1045 1731 sapientia
1063 1674 1198 1715 carnis
1216 1674 1383 1716 inimica
1397 1682 1458 1716 est
1473 1674 1561 1716 Deo
1579 1673 1633 1716 ³.»

293 1745 344 1786 Et
367 1745 419 1786 ad
441 1744 693 1800 exquirenda
721 1735 1048 1786 delectationum
1079 1759 1230 1800 genera
1253 1744 1376 1787 astuti
1401 1753 1521 1793 sunt,
1547 1745 1643 1801 quia
1731 1747 1742 1793 3!

294 1822 535 1873 appetentes
563 1823 659 1856 sunt
691 1817 967 1872 voluptatum.
995 1814 1090 1856 Sive
1111 1830 1210 1872 ergo
1234 1815 1554 1858 delectationem
1578 1815 1643 1857 in-
1730 1806 1742 1876 l}

293 1885 474 1941 telligas‚
506 1886 697 1941 quaedam
719 1893 781 1926 est
805 1885 942 1926 divino
969 1886 1138 1927 adversa
1162 1885 1380 1934 mandato,
1406 1894 1448 1927 et
1471 1885 1638 1927 inimica
1729 1886 1742 1944 ρ]

293 1954 482 1996 sensibus
512 1955 675 1997 nostris.
706 1956 822 1996 [nde
845 1962 1014 1996 sanctus
1036 1955 1187 1996 Paulus
1215 1954 1270 1996 ait
1295 1970 1336 1995 :a
1359 1954 1490 1997 Video
1519 1955 1640 1998 aliam
1730 1947 1742 1962 '¹

289 2027 454 2082 »legem
476 2025 518 2066 in
541 2025 742 2066 membris
766 2025 870 2067 meis
901 2032 1205 2082 repugnantem
1230 2025 1309 2082 legi
1335 2026 1486 2068 mentis
1510 2041 1637 2075 meze,

290 2114 304 2133 »
319 2104 359 2138 et
377 2095 656 2152 captivantem
674 2111 742 2137 me
768 2095 809 2136 in
827 2097 916 2151 lege
939 2095 1101 2152 peccati
1123 2095 1152 2136 ²¹.
1180 2114 1195 2134 »
1211 2094 1253 2136 Si
1272 2104 1412 2138 autem
1430 2097 1483 2137 ad
1499 2096 1636 2138 diabo-

290 2167 378 2207 lum
401 2165 570 2214 reseras,
595 2182 716 2208 verus
740 2165 935 2207 inimicus
958 2173 1020 2207 est
1046 2165 1208 2222 generis
1228 2165 1414 2207 humani.
1444 2166 1549 2217 Quae
1574 2181 1641 2207 au-

293 2245 377 2279 tem
400 2252 523 2279 causa
545 2236 859 2279 inimicitiarum
882 2236 961 2278 nisi
982 2236 1160 2278 invidia?
1182 2236 1300 2278 Sicut
1325 2237 1524 2279 Salomon
1549 2237 1604 2279 ait
1630 2253 1638 2278 ε

301 2324 316 2345 (ι
335 2306 442 2358 Quia
461 2307 613 2348 invidia
633 2306 786 2349 diaboli
803 2322 915 2348 mors
933 2306 1117 2349 introivit
1134 2306 1175 2348 in
1192 2307 1338 2349 orbem
1359 2306 1596 2349 terrarunf.
1616 2326 1631 2345 »

291 2375 459 2417 Invidiae
478 2385 618 2418 autem
637 2391 760 2419 causa
778 2377 993 2419 beatitudo
1017 2377 1197 2418 hominis
1219 2376 1260 2419 in
1281 2377 1472 2435 paradiso
1484 2377 1613 2435 positi
1630 2409 1639 2425 ‚
1721 2430 1723 2435 Ι

292 2453 334 2487 et
365 2445 458 2488 ideo
486 2447 683 2504 qnoniam
721 2447 808 2505 ipse
832 2447 1022 2491 diabolus
1054 2456 1270 2506 acceptam
1300 2447 1474 2506 gratiam
1500 2455 1643 2491 tenere
1720 2447 1723 2506 ξ

308 2610 310 2612 v
339 2581 346 2595 ¹
365 2573 447 2604 Gen.
464 2584 512 2612 ιιι,
531 2584 560 2605 ι.
576 2592 616 2597 -
631 2583 642 2597 2
663 2573 695 2605 S.
713 2574 846 2617 August.
864 2574 884 2606 l.
908 2584 944 2605 ιι.
965 2578 1076 2607 contra
1100 2573 1263 2608 Julianum
1281 2573 1350 2610 Pel.
1366 2584 1395 2610 c.
1410 2583 1439 2607 v.
1461 2591 1502 2599 —
1520 2575 1534 2600 ³
1549 2573 1642 2607 Rom.

291 2636 417 2669 v111,7.
432 2644 469 2652 —-
487 2630 499 2655 ⁴
515 2627 564 2660 ld.
580 2638 637 2666 vn,
655 2629 707 2662 25.
722 2646 763 2655 —
782 2631 795 2652 ⁵
811 2628 886 2672 Sap.
903 2640 939 2668 11,
959 2627 1012 2667 24.
