1742 3233
328 292 413 340 524
872 301 902 328 s.
942 300 1133 329 AMBROSH

325 380 470 422 asserit
483 378 752 437 praemiorum
775 391 860 419 non
882 384 1090 418 exsortem
1112 374 1314 417 futurum.
1331 373 1521 432 Denique
1540 375 1674 420 Jacob

326 465 421 491 oves
447 448 667 504 adaquavit
690 447 866 496 Rachel,
888 455 929 488 et
954 444 1129 503 gratiam
1157 445 1336 502 reperit,
1356 453 1398 486 et
1415 461 1588 488 uxorem
1606 461 1676 490 ac-

326 518 502 574 quisivit.
528 517 690 559 Deinde
708 524 780 573 qui
799 517 878 559 scis
895 531 946 557 an
963 516 1099 557 Deum
1118 515 1332 572 suscipias,
1357 530 1455 556 cum
1470 516 1678 573 hospitem

324 586 475 644 putas?
507 586 720 628 Abraham
748 588 849 628 dum
874 584 1237 643 peregrinantibus
1267 583 1401 628 desert
1423 584 1676 642 hospitium,

322 657 460 700 Deum
499 665 623 713 atque
666 657 846 712 Angelos
883 655 974 712 ejus
1021 654 1200 711 hospitio
1239 655 1420 712 suscepit
1450 670 1458 695 :
1493 656 1679 711 quamvis

325 735 367 769 et
384 742 481 769 cum
502 727 712 782 hospitem
730 725 904 781 suscipis
922 758 932 773 ,
958 724 1156 781 suscipias
1177 724 1330 772 Deum,
1356 724 1462 765 sicut
1479 725 1681 782 scriptum

326 796 367 837 in
393 796 617 851 Evangelio
639 794 761 851 legis,
783 794 947 835 dicente
973 794 1154 835 Domino
1173 793 1275 835 Jesu
1301 808 1341 833 :a
1365 794 1525 851 Hospes
1548 809 1679 842 eram,

325 873 396 907 »et
429 865 650 922 collegistis
671 879 809 905 me....
839 864 967 914 Quod
988 863 1101 904 enim
1133 863 1206 904 uni
1234 863 1387 904 horum
1408 863 1682 904 minimorum

325 953 340 973 »
355 934 508 976 fecistis
523 966 533 982 ,
556 933 657 975 mihi
681 933 833 974 fecistis
862 932 891 974 ¹.
923 950 938 970 »
953 932 1081 973 [nius
1106 932 1219 973 horae
1236 931 1415 989 hospitio
1440 931 1563 974 vidua
1585 932 1653 974 illa
1668 964 1680 981 ,

327 1019 417 1060 quae
435 1003 616 1060 suscepit
638 1002 795 1050 Eliam,
815 1010 856 1043 et
876 1001 1025 1057 exiguo
1053 1001 1147 1042 cibo
1166 1001 1278 1057 pavit
1291 1033 1302 1049 ,
1323 1009 1578 1058 perpetuum
1596 1009 1683 1043 toto

329 1083 517 1132 tempore
547 1074 668 1115 samis
701 1072 860 1114 invenit
887 1072 1131 1113 alimentum
1148 1104 1158 1120 ,
1187 1079 1229 1113 et
1254 1074 1496 1113 mercedem
1524 1072 1686 1130 accepit

329 1144 592 1191 mirabilem,
622 1151 669 1184 ut
695 1157 912 1198 nunquam
938 1143 989 1182 ‹le
1022 1141 1171 1198 hydria
1203 1141 1334 1183 farina
1367 1141 1578 1184 deficeret.
1606 1142 1686 1184 Eli-

330 1230 432 1256 saeus
454 1229 622 1270 quoque
646 1212 832 1254 defuncti
855 1210 1039 1268 pignoris
1062 1211 1379 1254 resuscitatione
1403 1213 1555 1254 donata
1570 1244 1581 1260 ,
1604 1213 1687 1254 sol-
1740 1198 1742 1220 ἱ

329 1286 387 1326 vit
404 1283 575 1341 hospitii
592 1283 850 1339 pensionem.
1207 1271 1213 1273 ’

387 1352 587 1395 ΧΧΧΥΙ.
608 1352 699 1393 Non
717 1353 802 1393 sola
819 1359 961 1392 tamen
975 1350 1152 1393 facilitas
1170 1351 1463 1409 susceptionis,
1479 1352 1688 1394 sedetiam

330 1422 530 1465 sedulitas
563 1420 827 1478 suscipientis
861 1428 903 1461 et
935 1420 1108 1462 affectus
1140 1421 1351 1477 quaeritur.
1383 1423 1618 1479 L‘trumque
1647 1429 1689 1463 te

329 1492 543 1535 Abraham
569 1492 703 1533 docet.
739 1491 936 1532 Cucurrit
969 1491 1158 1539 obv1a1n,
1185 1491 1345 1548 rogavit
1372 1492 1487 1548 prior
1508 1491 1653 1533 dicens
1676 1506 1686 1532 t

345 1563 568 1611 «Domine,
594 1563 624 1604 si
645 1562 782 1603 inveni
801 1562 977 1619 gratiam
997 1570 1092 1604 ante
1116 1571 1172 1611 te,
1191 1578 1243 1603 ne
1260 1561 1508 1620 praeterieris
1525 1576 1691 1604 servum

329 1652 345 1674 r>
361 1643 480 1676 tuum
501 1649 510 1674 :
532 1642 721 1674 sumatur
745 1647 849 1688 aqua
865 1634 879 1680 ,’
900 1641 942 1674 et
963 1634 1155 1674 laventur
1175 1635 1303 1691 pedes
1329 1633 1478 1681 vestri,
1503 1641 1546 1674 et
1571 1631 1692 1674 resri—

329 1710 502 1760 »gerate
525 1703 602 1743 sub
622 1702 770 1743 arbore
793 1716 801 1742 :
825 1710 867 1743 et
889 1717 1053 1744 sumam
1080 1718 1257 1759 panem,
1281 1710 1322 1744 et
1351 1704 1632 1750 manducate,
1651 1709 1694 1742 et

330 1792 345 1813 »
359 1781 452 1831 post
484 1773 573 1815 haec
605 1771 813 1814 transietis
835 1787 843 1813 :
865 1780 1036 1829 propter
1059 1772 1172 1829 quod
1192 1772 1428 1814 declinastis
1452 1771 1504 1813 ad
1524 1785 1693 1813 servum

332 1851 546 1884 »vestrum
577 1842 606 1883 ².
640 1843 770 1884 »Tres
801 1842 926 1890 vidit,
954 1851 996 1884 et
1022 1858 1154 1883 unum
1185 1842 1418 1884 Dominum
1449 1840 1690 1899 appellavit,

333 1913 458 1970 ipsius
480 1912 605 1954 solius
624 1927 665 1953 se
690 1909 857 1953 servum
875 1912 1041 1953 fatetur.
1061 1911 1222 1954 Deinde
1241 1927 1467 1953 conversus
1493 1910 1546 1952 ad
1568 1912 1689 1958 duos,

334 1998 438 2039 quos
457 1983 670 2024 ministros
695 1982 992 2030 arbitrabatur,
1018 1982 1142 2023 etiam
1167 1982 1264 2039 ipsis
1293 1981 1454 2041 deferre
1478 1980 1601 2038 gestit
1623 1979 1693 2021 ob-

335 2053 552 2109 sequium,
581 2052 667 2109 jam
695 2067 778 2093 non
813 2052 905 2108 jure
935 2052 1075 2093 debito
1103 2052 1311 2093 servitutis
1339 2051 1588 2098 obstrictus,
1622 2049 1694 2092 sed

335 2125 490 2166 blando
509 2122 739 2164 sedulitatis
764 2121 950 2170 nomine,
973 2137 1135 2178 usuque
1156 2122 1396 2164 famulatus.

393 2192 615 2235 XXXYH.
638 2209 652 2229 α
674 2191 726 2232 Et
752 2190 961 2232 festinavit
988 2190 1202 2233 Abraham
1230 2191 1273 2232 in
1296 2190 1618 2233 tabernaculum
1643 2191 1695 2232 ad

337 2282 353 2302 »
369 2263 539 2311 Saram,
565 2270 606 2304 ct
635 2261 735 2303 dixit
756 2261 792 2302 ei
821 2276 831 2302 ε
859 2261 1026 2303 Festina
1055 2270 1097 2304 et
1123 2277 1352 2320 consperge
1374 2270 1456 2304 tres
1478 2276 1694 2304 mensuras

336 2332 605 2390 »similaginis
619 2364 630 2381 ,
660 2340 702 2373 et
725 2332 792 2373 sac
817 2332 1098 2374 subcinericia
1120 2332 1151 2375 ³.
1176 2334 1347 2376 »Bonus
1364 2332 1539 2374 maritus
1561 2346 1696 2372 exsor-

336 2411 422 2444 tem
451 2401 631 2459 religiosi
648 2401 834 2443 muneris
858 2417 947 2443 esse
969 2418 1054 2443 non
1076 2403 1234 2460 patitur
1251 2417 1448 2451 uxorem,
1472 2416 1551 2444 nec
1574 2415 1697 2443 avare

339 2473 416 2514 sibi
438 2480 575 2514 totum
592 2487 745 2513 munus
769 2480 956 2530 usurpat.
978 2471 1106 2516 Recte
1125 2473 1250 2531 igitur
1263 2482 1305 2515 et
1321 2471 1501 2531 pietatiS,
1522 2479 1565 2513 et
1584 2485 1698 2512 vere-

336 2543 503 2586 cundiae
528 2558 651 2586 causa
674 2551 874 2585 servatur.
907 2544 1034 2595 Quod
1059 2544 1222 2602 pietatis
1248 2552 1334 2593 est,
1352 2545 1443 2587 mlt
1465 2556 1554 2586 esse
1574 2556 1693 2586 com-

386 2643 394 2656 ¹
417 2633 535 2667 Matth.
557 2645 633 2671 xxv,
651 2635 690 2666 55
710 2641 741 2668 et
758 2635 814 2673 4ο.
837 2653 876 2661 -
895 2645 906 2660 ²
929 2635 1009 2668 Gen.
1030 2647 1124 2675 xvni,
1142 2638 1211 2670 5-5.
1230 2655 1268 2664 —
1288 2639 1302 2661 3
1323 2635 1410 2670 lbid.
1428 2636 1460 2667 6.
