1747 3260
462 315 753 343 HEXAEMERON.
790 316 869 343 Lm.
908 317 933 343 1.
1321 306 1371 347 51

23 393 216 438 chritudo
226 393 658 436 vernasset?Demersa
671 393 786 450 aquis
799 393 1065 443 describitur,
1080 395 1193 436 velut
1207 396 1374 439 cuidam

22 465 323 523 principiorum
348 479 518 505 suorum
544 464 707 505 addicta
729 463 964 520 naufragio,
995 472 1036 505 et
1065 464 1199 507 adhuc
1223 481 1376 521 atnon-

13 534 146 590 *nullis
166 534 273 575 sacta
301 550 384 575 non
409 534 620 581 creditur;
648 534 749 590 quid
771 533 802 578 si
834 535 1029 576 decorem
1050 534 1378 593 primogenitum

20 603 278 645 vindicaret?
294 604 468 646 Accedit
488 604 603 652 illud,
620 605 733 660 quod
748 604 976 645 imitatores
993 620 1068 646 nos
1087 606 1270 648 suiDeus
1288 623 1377 650 esse

22 674 174 722 voluit,
199 682 245 715 ut
270 675 405 732 primo
429 674 631 716 faciamus
656 674 816 731 aliqua,
843 682 984 731 postca
1009 683 1300 725 venustemus3
1326 693 1379 719 ne

23 744 124 785 dum
161 743 285 784 simul
317 752 544 800 utrumque
575 743 809 791 adorimur,
843 751 1041 785 neutrum
1069 745 1275 801 possimus
1299 747 1380 788 in]—

22 815 147 872 plere.
184 814 308 855 Fides
341 817 480 855 autem
519 822 659 855 nostra
695 815 876 870 quodam
912 816 1043 872 gradu
1081 816 1241 858 crescit.
1281 818 1393 859 Ideo

22 883 158 941 primo
176 883 274 925 fecit
293 885 421 933 Deus,
441 893 587 944 postca
604 884 851 933 venustavit,
871 893 917 926 ut
940 887 1136 927 eumdem
1160 889 1378 930 credamus

23 968 191 996 ornasse
213 955 282 1011 qui
303 954 416 1004 fecit,
445 963 485 997 et
507 954 652 1001 secisse
676 955 744 1010 qui
768 954 952 1002 ornavit3
979 970 1030 996 ne
1055 956 1231 997 alterum
1255 966 1380 1014 pute-

24 1038 117 1066 mus
145 1039 332 1072 ornasse,
361 1027 538 1066 alterum
573 1023 775 1065 creavisse
803 1039 811 1064 :
837 1026 909 1065 sed
931 1026 1128 1066 eumdem
1152 1034 1379 1083 utrumque

24 1108 114 1135 esse
137 1101 379 1151 operat1un3
406 1101 452 1134 ut
474 1093 608 1150 primo
639 1094 824 1142 faceret,
847 1103 991 1151 postca
1017 1104 1311 1153 componeret,
1335 1106 1382 1139 ut

25 1164 204 1206 alterum
230 1165 359 1206 altero
389 1165 646 1207 crederetur.
677 1164 814 1205 Habes
850 1164 890 1205 in
913 1165 1137 1223 Evangelio
1168 1167 1294 1224 hujus
1322 1169 1382 1211 rei

23 1235 191 1278 evidens
210 1234 507 1282 testimonium.
526 1233 631 1276 Nam
647 1234 923 1279 suscitaturus
936 1235 1139 1277 Lazarum
1153 1237 1377 1287 Dominus,

21 1304 141 1363 jussit
162 1314 209 1349 ut
227 1305 362 1348 Judaei
385 1312 650 1347 removerent
672 1304 854 1363 lapidem
879 1307 932 1347 de
952 1308 1146 1364 sepulcro
1161 1339 1172 1356 ,
1199 1316 1245 1351 ut
1263 1325 1381 1350 mor-

23 1383 143 1418 tuum
160 1376 346 1423 videntes
360 1409 370 1425 ,
391 1384 534 1435 postca
557 1375 852 1423 resuscitatum
873 1377 1107 1419 crederent.
1132 1377 1294 1420 Deinde
1312 1394 1379 1420 vo-

23 1445 344 1488 cavitLazarum
361 1479 369 1494 ,
394 1454 434 1487 et
452 1445 701 1493 resurrexit,
723 1454 765 1487 ct
780 1446 914 1503 ligatis
932 1447 1125 1491 manibus
1141 1449 1379 1506 etpedibus

23 1516 281 1560 exiitsoras¹.
309 1517 457 1562 Nonne
480 1524 644 1573 poterat
665 1531 880 1561 removere
902 1517 1100 1574 lapidem,
1127 1518 1197 1575 qui
1218 1528 1385 1576 poterat
1428 1543 1429 1546 =

22 1584 236 1634 mortuum
260 1586 491 1629 suscitare?
508 1587 559 1628 Et
576 1586 646 1643 qui
662 1586 798 1644 potuit
820 1586 1018 1629 defuneto
1037 1588 1164 1629 vitam
1188 1590 1379 1639 reddere,

22 1672 107 1717 non
127 1657 264 1716 potuit
281 1673 410 1699 nexus
435 1658 593 1698 solvere
616 1656 913 1698 vinculorum?
932 1657 1010 1699 Cui
1034 1657 1181 1703 vinctis
1204 1660 1382 1716 pedibus

22 1722 210 1790 gressum
235 1729 364 1777 dedit,
389 1727 488 1769 huic
510 1743 593 1769 non
609 1728 763 1785 potuit,
793 1729 926 1788 ruptis
951 1729 1143 1777 vinculis,
1169 1729 1379 1772 incessum

22 1797 225 1844 reddere?
242 1797 326 1840 Sed
342 1798 486 1857 utique
504 1798 756 1841 advertimus
775 1800 888 1855 quod
903 1798 1031 1841 voluit
1043 1799 1177 1856 primo
1188 1801 1380 1841 demons-

23 1875 134 1916 trare
156 1878 388 1918 mortuum,
403 1877 450 1911 ut
471 1869 602 1910 oeulis
623 1869 706 1913 suis
739 1870 958 1915 crederent
984 1884 992 1911 :
1029 1870 1179 1916 deinde
1202 1869 1384 1911 resusci-

22 1945 113 2000 tare
143 1954 160 1996 εν
178 1940 300 1981 tertio
329 1939 477 1997 jubere
504 1947 551 1981 ut
579 1939 655 1998 ipsi
685 1940 851 1982 vincula
886 1939 1043 1981 funeris
1079 1941 1310 1988 solverent3
1336 1947 1384 1981 ut

26 2008 134 2070 inter
166 2010 241 2053 ista
277 2009 377 2051 fides
410 2010 701 2052 infunderetur
736 2009 1001 2060 infidelibus,
1038 2019 1080 2057 et
1119 2026 1193 2069 per
1227 2011 1382 2069 gradus

24 2080 228 2142 quosdam
252 2080 475 2123 credulitas
493 2089 750 2125 nasceretur.
1235 2071 1239 2072 ⁷

68 2186 78 2202 ¹
98 2176 194 2213 Joan.
208 2189 255 2219 ιι,
269 2179 323 2218 44,
338 2185 372 2214 et
383 2190 471 2225 seqq.
