1742 3233
401 252 453 280 DE
486 251 563 280 Non
598 252 649 280 ΕΤ
685 253 804 280 inei.
841 254 960 281 innui
993 253 1106 281 Unus.
1350 242 1431 292 425

85 331 227 373 credas
248 330 483 372 convenire.
509 330 573 372 Oh
596 329 703 372 hane
721 345 890 371 eausam
913 331 1022 373 intus
1043 339 1085 372 et
1105 331 1202 372 soris
1225 331 1431 374 bitumine

84 414 177 443 arca
194 399 505 458 constringitur,
525 415 577 441 ne
601 400 802 442 connexio
819 399 887 442 illa
903 400 1022 442 facile
1040 408 1276 457 rumpatur.

80 554 434 572 Mvmwvwwwmu‘wvvm
441 554 572 570 vwxwvtx
578 555 618 570 Αἱ
625 555 662 570 lv!
667 554 794 571 ᾺΝΑΑΛΛΛΑ
801 553 981 574 MQWNXNNW
997 554 1293 572 xwiuxwuxwvvuwv
1299 556 1378 571 »xum
1384 555 1429 571 ww

604 691 780 734 CAPUT
813 690 902 735 VII.

80 857 199 898 Arca
215 855 309 899 No&
328 871 428 898 cum
448 871 554 897 area
580 855 755 911 flecteris
778 864 1086 912 comparatum
1113 856 1236 910 cujus
1260 854 1432 894 climen—

137 925 333 968 sionibus
375 926 576 967 denotari
611 926 854 966 ostenditur
883 925 1080 981 singulas
1123 925 1309 966 humani
1345 940 1434 965 cor—

134 995 255 1051 poris
272 1005 420 1051 parces
442 995 499 1036 acl
528 1009 652 1036 usum
685 995 879 1049 aliquem
910 1004 948 1035 ct
979 994 1173 1034 decorem
1203 1008 1287 1035 esso
1315 1008 1433 1034 com-

134 1074 314 1121 posnas.
793 1071 795 1073 ’

135 1210 249 1254 XVI.
288 1210 408 1251 AL1131
434 1217 573 1251 autem
589 1243 599 1259 ,
622 1210 704 1251 hoc
726 1217 811 1259 est,
838 1209 877 1250 in
898 1210 1042 1251 Exodo
1063 1210 1189 1250 etiam
1211 1211 1434 1252 deauratur

77 1280 176 1322 soris
194 1287 235 1321 et
251 1279 363 1321 intus
389 1295 483 1320 arca
501 1279 611 1327 ill-21¹,
638 1295 729 1335 quae
748 1280 787 1320 in
807 1280 970 1321 Sanctis
994 1288 1056 1321 est
1078 1280 1224 1321 mundi
1246 1280 1435 1337 intelligi-

76 1349 169 1391 bilis
193 1349 393 1390 imitatrix
423 1349 570 1406 imago.
601 1350 720 1390 Sicut
742 1350 853 1391 enim
885 1349 1108 1406 pretiosius
1141 1365 1289 1391 aurum
1316 1349 1433 1390 hitu-

76 1420 189 1461 miue
214 1435 223 1461 :
248 1419 305 1460 ita
329 1419 421 1467 illa,
449 1435 539 1475 quae
570 1419 609 1460 in
640 1419 803 1461 Sanctis
825 1428 910 1467 est,
937 1422 1053 1468 area,
1078 1435 1202 1475 quam
1230 1419 1304 1460 ista
1327 1434 1435 1476 prze-

78 1489 266 1531 stantior.
294 1489 484 1545 Denique
506 1490 573 1531 hie
597 1490 844 1547 simpliciter
879 1490 989 1546 ligna
1012 1490 1151 1546 posuit
1175 1504 1184 1529 :
1214 1489 1270 1530 ibi
1294 1497 1434 1530 autem

76 1560 186 1617 ligna
215 1559 383 1615 quidem
400 1593 410 1608 ‚
436 1561 506 1601 sed
543 1560 817 1616 imputribilia
848 1559 1192 1617 comprehendit,
1217 1561 1433 1600 declarans

77 1629 224 1670 merita
258 1629 524 1671 Sanctorum.
560 1628 731 1671 Addidit
760 1630 884 1670 etiam
915 1629 998 1671 illie
1032 1628 1337 1686 supportatoria
1362 1629 1434 1669 im-

76 1699 248 1749 mobilia
274 1715 364 1740 esse
382 1731 391 1747 ,
418 1701 532 1755 quod
554 1699 808 1742 Sanctorum
830 1699 949 1742 statio
973 1700 1128 1740 stabilis
1151 1707 1191 1740 et
1214 1698 1333 1740 firma
1356 1699 1430 1746 sit3

77 1768 172 1825 quia
199 1769 292 1810 vitae
322 1768 550 1826 probabilis
578 1770 789 1811 tramitem
817 1769 979 1811 virtutis
1005 1771 1135 1811 ductu
1159 1768 1289 1810 secuti
1313 1776 1431 1816 sunt,

77 1840 324 1895 corruptelze
349 1838 606 1880 declinantes
620 1840 840 1881 consortia,
869 1840 967 1880 Haec
990 1847 1130 1880 autem
1150 1854 1263 1886 arca,
1285 1846 1432 1895 utpote

79 1908 119 1949 in
144 1909 322 1957 diluvio,
344 1908 427 1950 huc
452 1917 576 1964 atque
598 1909 697 1950 illuc
721 1918 838 1950 motu
867 1909 1161 1965 impellebatur
1182 1908 1364 1955 incerto3
1384 1923 1433 1948 eo

78 1980 479 2036 quodpeccatorum
491 1987 621 2020 status
644 1980 808 2020 mobilis
827 1979 898 2027 sit,
917 1987 958 2020 et
971 1979 1063 2020 vitae
1081 1993 1228 2019 eorum
1252 1979 1433 2034 quodam

78 2049 405 2091 redundantium
429 2050 671 2106 passionum
697 2050 851 2091 diluvio
879 2049 1139 2107 corruptioni
1162 2048 1351 2090 ohnoxiae
1372 2063 1435 2089 cr-

80 2134 175 2160 rore
196 2118 450 2160 inconstanti
467 2128 682 2176 vagentur.

136 2188 268 2232 XVII.
307 2189 391 2231 Nec
411 2189 511 2230 illud
534 2191 873 2247 praetereundum
891 2192 1005 2246 quod
1021 2205 1117 2231 cum
1136 2190 1302 2232 dixisset
1323 2204 1331 2230 :
1350 2189 1430 2230 «Et

78 2277 93 2298 »
108 2259 231 2301 facies
244 2275 384 2301 arcam
402 2268 688 2302 trecentorum
707 2261 948 2302 cubitorum
966 2261 1243 2317 longitudine,
1260 2267 1301 2301 et
1317 2259 1434 2315 quin-

78 2329 301 2387 »quaginta
345 2330 583 2372 cubitorum
621 2331 864 2378 latitudine,
909 2340 950 2373 ct
992 2331 1158 2388 triginta
1193 2330 1433 2371 cubitorum

79 2418 94 2439 »
109 2400 325 2442 altitudine
338 2421 352 2449 =,
372 2400 559 2443 »addidit
586 2416 628 2442 z«
646 2401 854 2459 Colligens
885 2401 1010 2443 facies
1035 2416 1199 2448 arcam,
1222 2408 1264 2441 et
1291 2399 1331 2439 in
1355 2413 1432 2439 cu-

78 2471 195 2514 »bito
230 2473 541 2515 consummabis
562 2488 654 2515 eam
688 2489 710 2515 a
741 2472 928 2515 summo²
953 2488 961 2514 z
984 2481 1059 2516 »ut
1084 2472 1243 2529 reliquo
1266 2470 1432 2528 corpori

88 2592 89 2595 ’
127 2588 136 2606 ⁸
156 2583 258 2618 Exod.
274 2595 350 2625 xxv,
367 2595 415 2621 ιι.
436 2604 475 2611 -
494 2596 505 2611 ²
525 2585 606 2620 Gen.
623 2598 670 2628 vi,
694 2588 743 2626 15,
767 2587 816 2620 16.
