1747 3260
443 307 726 334 HEXAJ-LUERON.
767 307 845 334 Lm.
887 307 942 334 ιιι.
1291 285 1368 334 1223

23 387 103 430 „de
126 387 225 427 loco*
245 385 322 426 isto
355 385 394 425 in
421 393 571 426 terram
603 384 896 426 Chaldaeorum
925 385 964 425 in
989 384 1121 431 bona,
1151 392 1191 424 ct
1218 383 1366 424 confir-

24 455 177 498 rmabo
194 456 337 496 oeulos
353 469 468 496 meos
490 469 614 511 super
631 454 721 495 illos
742 454 783 495 in
805 455 913 496 bona
931 453 959 495 ¹.
991 473 1002 490 ιι
1032 454 1250 510 Tanquam
1268 453 1367 494 deli-

23 532 136 567 catos
158 524 270 566 enim
287 525 399 566 velut
419 525 600 580 quodam
622 523 914 581 misericordiae
933 538 1015 564 sua>
1034 522 1220 564 validiori
1245 521 1372 578 sepsit

26 594 219 652 tegmine,
244 609 296 637 ne
313 594 444 635 teneri
458 594 619 635 fructus
639 593 839 635 matarius
861 593 1087 635 interirent.
1111 592 1301 647 Denique
1319 593 1371 632 de

25 665 120 723 ipsis
135 657 260 707 etiam
278 665 319 706 in
338 664 637 722 posterioribus
655 664 779 706 dicit:
811 681 826 702 ι(
841 663 1018 705 Delicati
1037 663 1119 704 mei
1137 662 1373 704 ambulave-

25 745 151 778 ».runt
169 737 253 778 vias
280 751 443 793 asperas
461 735 489 777 ².
514 754 528 774 υ
564 735 728 786 Quibus
748 734 852 776 infra
878 734 934 776 ait
954 749 962 775 :
999 752 1013 771 «
1037 733 1285 775 Constantes
1308 748 1375 774 es-

26 824 40 844 »
56 814 139 848 tote
150 805 245 855 filii,
269 814 310 848 et
331 807 507 847 clamate
526 806 578 846 ad
596 805 733 846 Deum
751 803 780 846 ³.
803 823 819 843 »
845 805 934 846 Hoc
952 804 1065 845 enim
1083 805 1217 845 solum
1236 804 1378 844 adver-

25 891 93 918 sus
121 890 265 917 omnes
303 876 506 933 procellas
539 881 662 930 atque
698 874 870 931 injurias
909 873 1146 915 inviolabile
1176 881 1343 929 tegmen
1362 904 1372 919 ,

26 945 341 1002 impenetrabile
363 945 672 987 munimentum
694 953 766 986 est.
803 944 880 985 [bi
902 958 1000 1000 ergo
1027 942 1161 984 teneri
1189 941 1348 982 fructus
1364 974 1374 988 ‚

28 1015 84 1057 ibi
105 1015 304 1057 crassiora
325 1014 509 1071 tegmina
534 1020 575 1055 et
596 1003 854 1055 munimenta
878 1013 1089 1055 foliorum.
1120 1012 1276 1053 Contra
1304 1026 1378 1052 au-

29 1093 112 1127 tem
140 1084 213 1126 uhi
241 1084 401 1126 fructus
433 1084 673 1131 validiores,
704 1083 761 1124 ibi
795 1083 1002 1125 teneriora
1027 1082 1144 1131 folia,
1174 1090 1221 1123 ut
1245 1082 1378 1122 malus

29 1156 153 1197 arbor
171 1154 308 1196 docet.
334 1154 512 1195 Pomum
524 1153 636 1195 enim
653 1153 827 1194 validius
848 1168 933 1194 non
953 1153 1087 1193 multo
1106 1151 1264 1208 indiget
1280 1166 1379 1208 pro-

30 1225 221 1267 tectionis
245 1224 421 1272 auxilio:
452 1239 548 1265 nam
581 1223 667 1281 ipsa
691 1223 965 1280 protectionis
992 1221 1206 1263 crassioris
1227 1221 1377 1262 umbra

31 1310 155 1353 pomo
178 1310 329 1336 nocere
355 1295 448 1351 plus
466 1301 617 1351 posset.

87 1365 175 1407 LX.
212 1364 401 1420 Denique
439 1365 587 1405 doceat
617 1378 693 1404 nos
730 1361 952 1420 pampinus
981 1370 1138 1402 naturae
1172 1359 1346 1417 gratiam
1367 1391 1377 1406 ,

31 1443 72 1476 et
115 1434 264 1477 divinae
311 1433 522 1490 sapientiae
564 1433 723 1475 interna
770 1431 981 1488 mysteria.
1000 1435 1011 1449 ⁸
1029 1431 1228 1474 Videmus
1271 1429 1382 1471 enim

32 1503 87 1545 ita
121 1503 296 1545 scissum
333 1511 456 1560 atque
490 1503 667 1544 divisum
687 1535 698 1551 ‚
739 1510 784 1543 nt
814 1502 941 1543 trium
972 1501 1166 1542 foliorum
1200 1499 1381 1557 speciem

31 1574 220 1616 videatur
260 1574 480 1616 ostendere
513 1590 522 1615 z
562 1574 618 1615 ita
662 1589 757 1630 pars
792 1573 931 1614 media
971 1572 1166 1614 distincta
1201 1559 1293 1618 θεῖ’,
1337 1579 1383 1611 ut

32 1645 109 1687 nisi
141 1644 405 1686 inferioribus
442 1644 642 1693 haereret,
679 1651 866 1701 separata
900 1642 1186 1700 spectantibus
1220 1641 1384 1682 videre-

35 1723 112 1758 tur.
150 1715 206 1757 Ea
233 1723 372 1756 autem
394 1714 498 1755 ratio
526 1714 690 1755 videtur
717 1721 877 1754 servata
903 1720 1062 1753 naturae
1080 1743 1090 1759 ,
1120 1719 1167 1752 nt
1188 1718 1229 1752 et
1252 1711 1381 1751 solem

33 1785 193 1827 facilius
221 1784 437 1834 admittat,
461 1787 502 1826 et
523 1785 717 1825 umbram
740 1783 920 1825 obtexat.
955 1776 1147 1838 Denique
1169 1780 1384 1838 procerius

32 1856 167 1897 media
185 1871 278 1913 pars
299 1855 389 1912 ejus
405 1854 659 1902 extenditur,
679 1862 720 1895 et
736 1854 778 1895 in
800 1854 885 1910 ipsa
906 1853 1147 1894 summitate
1169 1860 1382 1898 tenuatur,

34 1931 80 1968 u't
102 1927 197 1983 plus
218 1924 542 1983 pulchritudinis
565 1939 693 1981 quam
722 1918 952 1981 tegumenti
979 1922 1183 1980 praeserat.
1218 1920 1385 1963 Etenim

34 1995 163 2038 bravii
186 1996 368 2053 speciem
391 1994 557 2037 videtur
577 1987 797 2052 effingere,
823 1985 1061 2050 significans
1084 1986 1197 2048 quod
1219 2007 1297 2032 uva
1321 1991 1387 2031 in-

35 2075 97 2109 ter
116 2068 346 2124 pendentes
364 2074 535 2108 caeteros
552 2066 714 2107 fructus
732 2064 884 2106 habeat
907 2063 1190 2120 principatum
1205 2095 1214 2110 ‚
1239 2061 1307 2103 cui
1325 2069 1388 2102 ta-

35 2137 116 2179 cito
150 2138 332 2194 quodam
357 2135 516 2193 judicio
542 2144 702 2177 naturae
720 2167 730 2183 ,
759 2136 832 2176 sed
861 2133 1043 2176 evidenti
1073 2132 1229 2174 indicio
1254 2132 1389 2173 innas-

0 2204 1 2207 '
26 2207 144 2252 citur
170 2207 328 2264 species
349 2214 390 2248 et
415 2206 688 2263 praerogativa
712 2204 907 2246 victoriae.
939 2203 1093 2244 Secu'm
1118 2202 1243 2259 igitur
1264 2201 1392 2242 habet

36 2277 225 2319 bravium
248 2292 370 2318 snum
386 2309 397 2325 ,
423 2291 505 2332 quo
527 2284 567 2316 et
595 2275 813 2316 munimen
835 2274 913 2316 sibi
935 2273 1147 2331 praebetur
1170 2274 1391 2314 adversum

0 2348 2 2355 ⁸
37 2346 232 2403 injurias,-
256 2347 361 2388 aeris
383 2346 622 2403 pariterque
647 2346 846 2387 imbrium
870 2344 1131 2391 violentiam,
1151 2351 1192 2384 et
1215 2342 1394 2399 impedi—

0 2411 1 2471 }
36 2427 226 2460 mentum
257 2433 340 2459 non
365 2417 536 2459 affertur
559 2418 611 2458 ad
633 2416 923 2472 recipiendum
953 2415 1049 2455 solis
1073 2415 1258 2455 calorem
1274 2446 1284 2461 ‚
1310 2428 1392 2468 quo

0 2494 5 2538 ξε
37 2488 239 2544 tepefacta
266 2488 410 2536 alitur,
439 2488 674 2534 coloratur,
695 2494 881 2543 augetur.
911 2485 1123 2526 Ficulneae
1147 2499 1315 2540 quoque
1339 2483 1396 2523 so-

0 2551 5 2610 i
38 2558 159 2606 lium,
195 2574 312 2615 aeque
342 2573 471 2615 prope
504 2565 550 2598 ut
577 2556 799 2614 pampinus
818 2589 827 2604 ,
861 2553 1095 2612 quadrifida
1127 2552 1394 2595 interscindi-

85 2659 92 2672 ¹
111 2651 229 2682 Jcrrm.
252 2653 437 2686 xx1v‚5.v-
456 2660 466 2673 2
484 2651 596 2682 Baruc.
618 2650 724 2685 1v,26.
745 2668 782 2672 —
804 2651 815 2671 3
835 2648 916 2679 ibid.
936 2658 984 2687 57.
