<?xml version="1.0" encoding="UTF-8"?>
<!DOCTYPE html PUBLIC "-//W3C//DTD XHTML 1.0 Transitional//EN"
    "http://www.w3.org/TR/xhtml1/DTD/xhtml1-transitional.dtd">
<html xmlns="http://www.w3.org/1999/xhtml" xml:lang="en" lang="en">
 <head>
  <title>
</title>
<meta http-equiv="Content-Type" content="text/html;charset=utf-8" />
  <meta name='ocr-system' content='tesseract 3.04.00' />
  <meta name='ocr-capabilities' content='ocr_page ocr_carea ocr_par ocr_line ocrx_word'/>
</head>
<body>
  <div class='ocr_page' id='page_1' title='image "./omniaequaeextant01ambruoft_0419.png"; bbox 0 0 1742 3233; ppageno 0'>
   <div class='ocr_carea' id='block_1_1' title="bbox 1 2484 4 2990">
    <p class='ocr_par' dir='ltr' id='par_1_1' title="bbox 1 2484 4 2990">
     <span class='ocr_line' id='line_1_1' title="bbox 1 2484 4 2990; baseline 0 0"><span class='ocrx_word' id='word_1_1' title='bbox 1 2484 4 2990; x_wconf 95' lang='lat' dir='ltr'> </span> 
     </span>
    </p>
   </div>
   <div class='ocr_carea' id='block_1_2' title="bbox 435 244 1435 302">
    <p class='ocr_par' dir='ltr' id='par_1_2' title="bbox 435 244 1435 302">
     <span class='ocr_line' id='line_1_2' title="bbox 435 244 1435 302; baseline 0.008 -23"><span class='ocrx_word' id='word_1_2' title='bbox 435 252 486 279; x_wconf 83' lang='lat' dir='ltr'>DE</span> <span class='ocrx_word' id='word_1_3' title='bbox 521 252 618 280; x_wconf 71' lang='grc' dir='ltr'>ςΑιΝ</span> <span class='ocrx_word' id='word_1_4' title='bbox 650 253 702 280; x_wconf 81' lang='lat' dir='ltr'>ET</span> <span class='ocrx_word' id='word_1_5' title='bbox 739 254 854 280; x_wconf 63' lang='lat' dir='ltr'>anm„</span> <span class='ocrx_word' id='word_1_6' title='bbox 895 253 973 281; x_wconf 77' lang='lat' dir='ltr'>Lm.</span> <span class='ocrx_word' id='word_1_7' title='bbox 1014 254 1058 283; x_wconf 87' lang='lat'>11.</span> <span class='ocrx_word' id='word_1_8' title='bbox 1349 244 1435 302; x_wconf 71' lang='lat'>38‘9</span> 
     </span>
    </p>
   </div>
   <div class='ocr_carea' id='block_1_3' title="bbox 34 329 1438 2556">
    <p class='ocr_par' dir='ltr' id='par_1_3' title="bbox 69 329 1436 1922">
     <span class='ocr_line' id='line_1_3' title="bbox 76 329 1436 391; baseline 0.004 -21"><span class='ocrx_word' id='word_1_9' title='bbox 76 329 294 371; x_wconf 87' lang='lat' dir='ltr'>continuas</span> <span class='ocrx_word' id='word_1_10' title='bbox 314 344 459 386; x_wconf 77' lang='lat' dir='ltr'><strong>preces</strong></span> <span class='ocrx_word' id='word_1_11' title='bbox 483 329 673 378; x_wconf 86' lang='lat' dir='ltr'>fundere,</span> <span class='ocrx_word' id='word_1_12' title='bbox 698 331 750 371; x_wconf 87' lang='lat' dir='ltr'>de</span> <span class='ocrx_word' id='word_1_13' title='bbox 775 329 862 387; x_wconf 88' lang='lat' dir='ltr'>ipso</span> <span class='ocrx_word' id='word_1_14' title='bbox 887 331 1061 372; x_wconf 87' lang='lat' dir='ltr'>salutem</span> <span class='ocrx_word' id='word_1_15' title='bbox 1086 347 1267 389; x_wconf 83' lang='lat' dir='ltr'>sperare,</span> <span class='ocrx_word' id='word_1_16' title='bbox 1293 333 1436 391; x_wconf 84' lang='lat' dir='ltr'>sugere</span> 
     </span>
     <span class='ocr_line' id='line_1_4' title="bbox 73 399 1434 461; baseline 0.003 -21"><span class='ocrx_word' id='word_1_17' title='bbox 73 407 240 441; x_wconf 88' lang='lat' dir='ltr'>terrena</span> <span class='ocrx_word' id='word_1_18' title='bbox 268 400 453 457; x_wconf 80' lang='lat' dir='ltr'>negotia,</span> <span class='ocrx_word' id='word_1_19' title='bbox 474 399 517 440; x_wconf 91' lang='lat' dir='ltr'>in</span> <span class='ocrx_word' id='word_1_20' title='bbox 539 400 615 442; x_wconf 90' lang='lat' dir='ltr'>Dei</span> <span class='ocrx_word' id='word_1_21' title='bbox 629 400 889 457; x_wconf 86' lang='lat' dir='ltr'>possessione</span> <span class='ocrx_word' id='word_1_22' title='bbox 910 401 1145 450; x_wconf 84' lang='lat' dir='ltr'>numerari,</span> <span class='ocrx_word' id='word_1_23' title='bbox 1172 402 1278 443; x_wconf 80' lang='lat' dir='ltr'>sicut</span> <span class='ocrx_word' id='word_1_24' title='bbox 1301 404 1434 461; x_wconf 84' lang='lat' dir='ltr'>scrip—</span> 
     </span>
     <span class='ocr_line' id='line_1_5' title="bbox 75 469 1430 529; baseline 0.004 -19"><span class='ocrx_word' id='word_1_25' title='bbox 75 477 165 510; x_wconf 90' lang='lat' dir='ltr'>tum</span> <span class='ocrx_word' id='word_1_26' title='bbox 189 478 250 511; x_wconf 90' lang='lat' dir='ltr'>est</span> <span class='ocrx_word' id='word_1_27' title='bbox 270 485 278 510; x_wconf 90' lang='lat'><strong>:</strong></span> <span class='ocrx_word' id='word_1_28' title='bbox 309 469 536 519; x_wconf 91' lang='lat' dir='ltr'>«Domine,</span> <span class='ocrx_word' id='word_1_29' title='bbox 556 470 720 527; x_wconf 80' lang='lat' dir='ltr'>posside</span> <span class='ocrx_word' id='word_1_30' title='bbox 736 485 810 511; x_wconf 90' lang='lat' dir='ltr'>nos</span> <span class='ocrx_word' id='word_1_31' title='bbox 829 469 859 511; x_wconf 66' lang='lat'>².</span> <span class='ocrx_word' id='word_1_32' title='bbox 884 488 899 509; x_wconf 89' lang='lat'>»</span> <span class='ocrx_word' id='word_1_33' title='bbox 920 470 977 511; x_wconf 87' lang='lat' dir='ltr'>Ea</span> <span class='ocrx_word' id='word_1_34' title='bbox 1001 479 1062 511; x_wconf 90' lang='lat' dir='ltr'>est</span> <span class='ocrx_word' id='word_1_35' title='bbox 1078 472 1190 512; x_wconf 90' lang='lat' dir='ltr'>enim</span> <span class='ocrx_word' id='word_1_36' title='bbox 1209 473 1430 529; x_wconf 80' lang='lat' dir='ltr'>possessio,</span> 
     </span>
     <span class='ocr_line' id='line_1_6' title="bbox 73 538 1430 598; baseline 0.004 -19"><span class='ocrx_word' id='word_1_37' title='bbox 73 553 167 594; x_wconf 81' lang='lat' dir='ltr'>quae</span> <span class='ocrx_word' id='word_1_38' title='bbox 193 538 316 579; x_wconf 85' lang='lat' dir='ltr'>nullis</span> <span class='ocrx_word' id='word_1_39' title='bbox 350 539 529 580; x_wconf 89' lang='lat' dir='ltr'>obnoxia</span> <span class='ocrx_word' id='word_1_40' title='bbox 562 539 879 596; x_wconf 74' lang='lat' dir='ltr'>tempestatibus</span> <span class='ocrx_word' id='word_1_41' title='bbox 906 548 1119 597; x_wconf 83' lang='lat' dir='ltr'>perpetuae</span> <span class='ocrx_word' id='word_1_42' title='bbox 1154 542 1293 598; x_wconf 83' lang='lat' dir='ltr'>gratiae</span> <span class='ocrx_word' id='word_1_43' title='bbox 1324 542 1430 585; x_wconf 85' lang='lat' dir='ltr'>ferat</span> 
     </span>
     <span class='ocr_line' id='line_1_7' title="bbox 74 608 1432 668; baseline 0.003 -19"><span class='ocrx_word' id='word_1_44' title='bbox 74 608 247 650; x_wconf 86' lang='lat' dir='ltr'>fructus.</span> <span class='ocrx_word' id='word_1_45' title='bbox 265 609 522 666; x_wconf 75' lang='lat' dir='ltr'>Redemptor</span> <span class='ocrx_word' id='word_1_46' title='bbox 538 609 699 651; x_wconf 83' lang='lat' dir='ltr'>Levites</span> <span class='ocrx_word' id='word_1_47' title='bbox 716 617 792 658; x_wconf 89' lang='lat' dir='ltr'>est,</span> <span class='ocrx_word' id='word_1_48' title='bbox 818 609 914 665; x_wconf 88' lang='lat' dir='ltr'>quia</span> <span class='ocrx_word' id='word_1_49' title='bbox 934 609 997 651; x_wconf 85' lang='lat' dir='ltr'>vir</span> <span class='ocrx_word' id='word_1_50' title='bbox 1018 610 1182 667; x_wconf 86' lang='lat' dir='ltr'>sapiens</span> <span class='ocrx_word' id='word_1_51' title='bbox 1196 612 1432 668; x_wconf 81' lang='lat' dir='ltr'>redemptio</span> 
     </span>
     <span class='ocr_line' id='line_1_8' title="bbox 74 678 1430 738; baseline 0.001 -18"><span class='ocrx_word' id='word_1_52' title='bbox 74 678 305 735; x_wconf 83' lang='lat' dir='ltr'>insipientis</span> <span class='ocrx_word' id='word_1_53' title='bbox 336 686 408 720; x_wconf 85' lang='lat' dir='ltr'>cst.</span> <span class='ocrx_word' id='word_1_54' title='bbox 449 679 533 730; x_wconf 85' lang='lat' dir='ltr'>Qui</span> <span class='ocrx_word' id='word_1_55' title='bbox 562 687 761 735; x_wconf 88' lang='lat' dir='ltr'>tanquam</span> <span class='ocrx_word' id='word_1_56' title='bbox 790 678 981 720; x_wconf 85' lang='lat' dir='ltr'>medicus</span> <span class='ocrx_word' id='word_1_57' title='bbox 1006 695 1164 736; x_wconf 80' lang='lat' dir='ltr'>aegrum</span> <span class='ocrx_word' id='word_1_58' title='bbox 1200 680 1430 738; x_wconf 86' lang='lat' dir='ltr'>insipientis</span> 
     </span>
     <span class='ocr_line' id='line_1_9' title="bbox 74 747 1432 807; baseline 0.002 -19"><span class='ocrx_word' id='word_1_59' title='bbox 74 747 260 788; x_wconf 88' lang='lat' dir='ltr'>animum</span> <span class='ocrx_word' id='word_1_60' title='bbox 282 747 418 795; x_wconf 84' lang='lat' dir='ltr'>fovet,</span> <span class='ocrx_word' id='word_1_61' title='bbox 453 755 494 789; x_wconf 88' lang='lat' dir='ltr'>et</span> <span class='ocrx_word' id='word_1_62' title='bbox 529 749 720 804; x_wconf 64' lang='lat' dir='ltr'>quaedam</span> <span class='ocrx_word' id='word_1_63' title='bbox 751 748 932 806; x_wconf 79' lang='lat' dir='ltr'>aspergit</span> <span class='ocrx_word' id='word_1_64' title='bbox 951 748 1145 790; x_wconf 77' lang='lat' dir='ltr'>solidiora</span> <span class='ocrx_word' id='word_1_65' title='bbox 1172 750 1301 791; x_wconf 88' lang='lat' dir='ltr'>menti</span> <span class='ocrx_word' id='word_1_66' title='bbox 1327 765 1432 807; x_wconf 87' lang='lat' dir='ltr'>pru-</span> 
     </span>
     <span class='ocr_line' id='line_1_10' title="bbox 72 817 1433 875; baseline 0.003 -17"><span class='ocrx_word' id='word_1_67' title='bbox 72 817 222 859; x_wconf 84' lang='lat' dir='ltr'>dentiae</span> <span class='ocrx_word' id='word_1_68' title='bbox 244 817 520 859; x_wconf 80' lang='lat' dir='ltr'>medicamina</span> <span class='ocrx_word' id='word_1_69' title='bbox 536 850 547 866; x_wconf 87' lang='lat'>‚</span> <span class='ocrx_word' id='word_1_70' title='bbox 572 817 757 870; x_wconf 80' lang='lat' dir='ltr'>imitatus</span> <span class='ocrx_word' id='word_1_71' title='bbox 785 818 902 859; x_wconf 88' lang='lat' dir='ltr'>illum</span> <span class='ocrx_word' id='word_1_72' title='bbox 925 819 1135 860; x_wconf 83' lang='lat' dir='ltr'>medicum</span> <span class='ocrx_word' id='word_1_73' title='bbox 1165 820 1235 875; x_wconf 84' lang='lat' dir='ltr'>qui</span> <span class='ocrx_word' id='word_1_74' title='bbox 1258 821 1308 861; x_wconf 87' lang='lat' dir='ltr'>de</span> <span class='ocrx_word' id='word_1_75' title='bbox 1326 821 1433 862; x_wconf 82' lang='lat' dir='ltr'>coelo</span> 
     </span>
     <span class='ocr_line' id='line_1_11' title="bbox 70 886 1436 945; baseline 0.002 -18"><span class='ocrx_word' id='word_1_76' title='bbox 70 887 210 935; x_wconf 82' lang='lat' dir='ltr'>venit,</span> <span class='ocrx_word' id='word_1_77' title='bbox 245 894 291 928; x_wconf 89' lang='lat' dir='ltr'>ut</span> <span class='ocrx_word' id='word_1_78' title='bbox 316 888 626 929; x_wconf 82' lang='lat' dir='ltr'>demonstraret</span> <span class='ocrx_word' id='word_1_79' title='bbox 649 886 891 930; x_wconf 85' lang='lat' dir='ltr'>hominibus</span> <span class='ocrx_word' id='word_1_80' title='bbox 909 888 1141 945; x_wconf 62' lang='lat' dir='ltr'>prudentiae</span> <span class='ocrx_word' id='word_1_81' title='bbox 1164 888 1273 937; x_wconf 79' lang='lat' dir='ltr'>vias,</span> <span class='ocrx_word' id='word_1_82' title='bbox 1303 897 1344 929; x_wconf 89' lang='lat' dir='ltr'>et</span> <span class='ocrx_word' id='word_1_83' title='bbox 1369 904 1436 930; x_wconf 88' lang='lat' dir='ltr'>sa-</span> 
     </span>
     <span class='ocr_line' id='line_1_12' title="bbox 71 954 1434 1013; baseline 0.003 -18"><span class='ocrx_word' id='word_1_84' title='bbox 71 954 239 1013; x_wconf 84' lang='lat' dir='ltr'>pientiae</span> <span class='ocrx_word' id='word_1_85' title='bbox 253 956 420 996; x_wconf 84' lang='lat' dir='ltr'>semitas</span> <span class='ocrx_word' id='word_1_86' title='bbox 438 957 620 1012; x_wconf 81' lang='lat' dir='ltr'>parvulis</span> <span class='ocrx_word' id='word_1_87' title='bbox 633 958 849 999; x_wconf 83' lang='lat' dir='ltr'>revelaret.</span> <span class='ocrx_word' id='word_1_88' title='bbox 871 957 1051 1000; x_wconf 77' lang='lat' dir='ltr'>Videbat</span> <span class='ocrx_word' id='word_1_89' title='bbox 1067 958 1179 998; x_wconf 86' lang='lat' dir='ltr'>enim</span> <span class='ocrx_word' id='word_1_90' title='bbox 1196 958 1434 999; x_wconf 82' lang='lat' dir='ltr'>laborantes</span> 
     </span>
     <span class='ocr_line' id='line_1_13' title="bbox 71 1026 1433 1083; baseline 0.001 -16"><span class='ocrx_word' id='word_1_91' title='bbox 71 1041 156 1068; x_wconf 89' lang='lat' dir='ltr'>non</span> <span class='ocrx_word' id='word_1_92' title='bbox 178 1041 297 1083; x_wconf 90' lang='lat' dir='ltr'>posse</span> <span class='ocrx_word' id='word_1_93' title='bbox 315 1026 402 1067; x_wconf 89' lang='lat' dir='ltr'>sine</span> <span class='ocrx_word' id='word_1_94' title='bbox 425 1027 610 1067; x_wconf 84' lang='lat' dir='ltr'>remedio</span> <span class='ocrx_word' id='word_1_95' title='bbox 635 1027 800 1077; x_wconf 85' lang='lat' dir='ltr'>salvari,</span> <span class='ocrx_word' id='word_1_96' title='bbox 819 1034 861 1068; x_wconf 88' lang='lat' dir='ltr'>et</span> <span class='ocrx_word' id='word_1_97' title='bbox 881 1026 974 1068; x_wconf 88' lang='lat' dir='ltr'>ideo</span> <span class='ocrx_word' id='word_1_98' title='bbox 995 1027 1250 1068; x_wconf 83' lang='lat' dir='ltr'>medicinam</span> <span class='ocrx_word' id='word_1_99' title='bbox 1270 1027 1433 1068; x_wconf 84' lang='lat' dir='ltr'>tribue-</span> 
     </span>
     <span class='ocr_line' id='line_1_14' title="bbox 69 1095 1433 1153; baseline 0 -16"><span class='ocrx_word' id='word_1_100' title='bbox 69 1096 142 1137; x_wconf 85' lang='lat' dir='ltr'>bat</span> <span class='ocrx_word' id='word_1_101' title='bbox 168 1095 298 1152; x_wconf 71' lang='lat' dir='ltr'>zegris.</span> <span class='ocrx_word' id='word_1_102' title='bbox 337 1096 435 1136; x_wconf 92' lang='lat' dir='ltr'>Ideo</span> <span class='ocrx_word' id='word_1_103' title='bbox 468 1096 663 1136; x_wconf 86' lang='lat' dir='ltr'>omnihus</span> <span class='ocrx_word' id='word_1_104' title='bbox 697 1110 821 1153; x_wconf 90' lang='lat' dir='ltr'>opem</span> <span class='ocrx_word' id='word_1_105' title='bbox 850 1095 1036 1137; x_wconf 88' lang='lat' dir='ltr'>sanitatis</span> <span class='ocrx_word' id='word_1_106' title='bbox 1068 1096 1247 1143; x_wconf 87' lang='lat' dir='ltr'>detulit,-</span> <span class='ocrx_word' id='word_1_107' title='bbox 1272 1103 1321 1137; x_wconf 87' lang='lat' dir='ltr'>ut</span> <span class='ocrx_word' id='word_1_108' title='bbox 1337 1096 1433 1152; x_wconf 87' lang='lat' dir='ltr'>qui-</span> 
     </span>
     <span class='ocr_line' id='line_1_15' title="bbox 72 1165 1433 1222; baseline 0.001 -16"><span class='ocrx_word' id='word_1_109' title='bbox 72 1179 253 1221; x_wconf 88' lang='lat' dir='ltr'>cumque</span> <span class='ocrx_word' id='word_1_110' title='bbox 291 1165 489 1222; x_wconf 88' lang='lat' dir='ltr'>perierit,</span> <span class='ocrx_word' id='word_1_111' title='bbox 529 1165 676 1207; x_wconf 84' lang='lat' dir='ltr'>mortis</span> <span class='ocrx_word' id='word_1_112' title='bbox 708 1181 792 1207; x_wconf 87' lang='lat' dir='ltr'>suae</span> <span class='ocrx_word' id='word_1_113' title='bbox 828 1180 972 1207; x_wconf 88' lang='lat' dir='ltr'>causas</span> <span class='ocrx_word' id='word_1_114' title='bbox 1007 1165 1083 1206; x_wconf 91' lang='lat' dir='ltr'>sibi</span> <span class='ocrx_word' id='word_1_115' title='bbox 1121 1165 1322 1215; x_wconf 84' lang='lat' dir='ltr'>ascribat,</span> <span class='ocrx_word' id='word_1_116' title='bbox 1363 1166 1433 1222; x_wconf 88' lang='lat' dir='ltr'>qui</span> 
     </span>
     <span class='ocr_line' id='line_1_16' title="bbox 72 1233 1430 1292; baseline 0.001 -17"><span class='ocrx_word' id='word_1_117' title='bbox 72 1233 210 1275; x_wconf 86' lang='lat' dir='ltr'>curari</span> <span class='ocrx_word' id='word_1_118' title='bbox 229 1234 377 1283; x_wconf 88' lang='lat' dir='ltr'>noluit,</span> <span class='ocrx_word' id='word_1_119' title='bbox 401 1249 497 1276; x_wconf 87' lang='lat' dir='ltr'>cnm</span> <span class='ocrx_word' id='word_1_120' title='bbox 514 1235 748 1277; x_wconf 87' lang='lat' dir='ltr'>remedium</span> <span class='ocrx_word' id='word_1_121' title='bbox 766 1235 955 1283; x_wconf 88' lang='lat' dir='ltr'>haberet,</span> <span class='ocrx_word' id='word_1_122' title='bbox 977 1250 1059 1291; x_wconf 89' lang='lat' dir='ltr'>qno</span> <span class='ocrx_word' id='word_1_123' title='bbox 1077 1244 1216 1292; x_wconf 83' lang='lat' dir='ltr'>posset</span> <span class='ocrx_word' id='word_1_124' title='bbox 1229 1237 1430 1278; x_wconf 80' lang='lat' dir='ltr'>evadere:</span> 
     </span>
     <span class='ocr_line' id='line_1_17' title="bbox 72 1303 1436 1362; baseline 0.001 -17"><span class='ocrx_word' id='word_1_125' title='bbox 72 1303 231 1346; x_wconf 86' lang='lat' dir='ltr'>Christi</span> <span class='ocrx_word' id='word_1_126' title='bbox 263 1312 404 1346; x_wconf 85' lang='lat' dir='ltr'>autem</span> <span class='ocrx_word' id='word_1_127' title='bbox 436 1304 655 1347; x_wconf 86' lang='lat' dir='ltr'>manifesta</span> <span class='ocrx_word' id='word_1_128' title='bbox 683 1305 725 1346; x_wconf 90' lang='lat' dir='ltr'>in</span> <span class='ocrx_word' id='word_1_129' title='bbox 754 1320 899 1347; x_wconf 90' lang='lat' dir='ltr'>omnes</span> <span class='ocrx_word' id='word_1_130' title='bbox 922 1305 1174 1362; x_wconf 80' lang='lat' dir='ltr'>praedicetnr</span> <span class='ocrx_word' id='word_1_131' title='bbox 1194 1306 1436 1347; x_wconf 86' lang='lat' dir='ltr'>misericor-</span> 
     </span>
     <span class='ocr_line' id='line_1_18' title="bbox 72 1373 1433 1433; baseline 0.001 -17"><span class='ocrx_word' id='word_1_132' title='bbox 72 1373 161 1423; x_wconf 80' lang='lat' dir='ltr'>dia3</span> <span class='ocrx_word' id='word_1_133' title='bbox 187 1390 236 1416; x_wconf 91' lang='lat' dir='ltr'>eo</span> <span class='ocrx_word' id='word_1_134' title='bbox 258 1375 371 1431; x_wconf 89' lang='lat' dir='ltr'>qnod</span> <span class='ocrx_word' id='word_1_135' title='bbox 394 1375 442 1423; x_wconf 92' lang='lat' dir='ltr'>ii,</span> <span class='ocrx_word' id='word_1_136' title='bbox 465 1375 536 1432; x_wconf 85' lang='lat' dir='ltr'>qui</span> <span class='ocrx_word' id='word_1_137' title='bbox 559 1384 753 1433; x_wconf 89' lang='lat' dir='ltr'>pereunt,</span> <span class='ocrx_word' id='word_1_138' title='bbox 781 1390 854 1416; x_wconf 87' lang='lat' dir='ltr'>sua</span> <span class='ocrx_word' id='word_1_139' title='bbox 872 1383 1047 1432; x_wconf 88' lang='lat' dir='ltr'>pereant</span> <span class='ocrx_word' id='word_1_140' title='bbox 1069 1375 1318 1432; x_wconf 79' lang='lat' dir='ltr'>negligentia</span> <span class='ocrx_word' id='word_1_141' title='bbox 1337 1390 1346 1416; x_wconf 71' lang='grc' dir='ltr'><em>τ</em></span> <span class='ocrx_word' id='word_1_142' title='bbox 1362 1375 1433 1431; x_wconf 86' lang='lat' dir='ltr'>qui</span> 
     </span>
     <span class='ocr_line' id='line_1_19' title="bbox 72 1444 1431 1495; baseline 0.001 -10"><span class='ocrx_word' id='word_1_143' title='bbox 72 1452 213 1486; x_wconf 91' lang='lat' dir='ltr'>autem</span> <span class='ocrx_word' id='word_1_144' title='bbox 232 1446 460 1493; x_wconf 88' lang='lat' dir='ltr'>salvantur,</span> <span class='ocrx_word' id='word_1_145' title='bbox 487 1448 720 1487; x_wconf 85' lang='lat' dir='ltr'>secundum</span> <span class='ocrx_word' id='word_1_146' title='bbox 741 1444 895 1486; x_wconf 84' lang='lat' dir='ltr'>Christi</span> <span class='ocrx_word' id='word_1_147' title='bbox 918 1445 1166 1486; x_wconf 88' lang='lat' dir='ltr'>sententiam</span> <span class='ocrx_word' id='word_1_148' title='bbox 1183 1445 1431 1495; x_wconf 78' lang='lat' dir='ltr'>liberentur,</span> 
     </span>
     <span class='ocr_line' id='line_1_20' title="bbox 71 1512 1436 1571; baseline 0.001 -17"><span class='ocrx_word' id='word_1_149' title='bbox 71 1514 143 1571; x_wconf 88' lang='lat' dir='ltr'>qui</span> <span class='ocrx_word' id='word_1_150' title='bbox 167 1529 311 1555; x_wconf 90' lang='lat' dir='ltr'>omnes</span> <span class='ocrx_word' id='word_1_151' title='bbox 333 1514 523 1556; x_wconf 90' lang='lat' dir='ltr'>homines</span> <span class='ocrx_word' id='word_1_152' title='bbox 547 1516 636 1556; x_wconf 87' lang='lat' dir='ltr'>vult</span> <span class='ocrx_word' id='word_1_153' title='bbox 656 1516 790 1557; x_wconf 88' lang='lat' dir='ltr'>salvos</span> <span class='ocrx_word' id='word_1_154' title='bbox 817 1513 929 1562; x_wconf 79' lang='lat' dir='ltr'>sieri,</span> <span class='ocrx_word' id='word_1_155' title='bbox 955 1512 1005 1555; x_wconf 74' lang='lat' dir='ltr'>et‘</span> <span class='ocrx_word' id='word_1_156' title='bbox 1019 1513 1060 1554; x_wconf 93' lang='lat' dir='ltr'>in</span> <span class='ocrx_word' id='word_1_157' title='bbox 1091 1514 1346 1570; x_wconf 84' lang='lat' dir='ltr'>agnitionem</span> <span class='ocrx_word' id='word_1_158' title='bbox 1369 1529 1436 1556; x_wconf 81' lang='lat' dir='ltr'>ve-</span> 
     </span>
     <span class='ocr_line' id='line_1_21' title="bbox 71 1583 1435 1641; baseline 0.001 -17"><span class='ocrx_word' id='word_1_159' title='bbox 71 1583 204 1625; x_wconf 87' lang='lat' dir='ltr'>ritatis</span> <span class='ocrx_word' id='word_1_160' title='bbox 225 1583 379 1626; x_wconf 87' lang='lat' dir='ltr'>venire.</span> <span class='ocrx_word' id='word_1_161' title='bbox 416 1584 606 1641; x_wconf 90' lang='lat' dir='ltr'>Denique</span> <span class='ocrx_word' id='word_1_162' title='bbox 634 1592 675 1625; x_wconf 87' lang='lat' dir='ltr'>et</span> <span class='ocrx_word' id='word_1_163' title='bbox 707 1584 890 1626; x_wconf 89' lang='lat' dir='ltr'>Sodoma</span> <span class='ocrx_word' id='word_1_164' title='bbox 919 1583 950 1625; x_wconf 89' lang='lat' dir='ltr'>si</span> <span class='ocrx_word' id='word_1_165' title='bbox 979 1583 1194 1625; x_wconf 82' lang='lat' dir='ltr'>habuisset</span> <span class='ocrx_word' id='word_1_166' title='bbox 1223 1585 1435 1641; x_wconf 86' lang='lat' dir='ltr'>quinqua-</span> 
     </span>
     <span class='ocr_line' id='line_1_22' title="bbox 73 1653 1432 1712; baseline 0.001 -17"><span class='ocrx_word' id='word_1_167' title='bbox 73 1654 184 1712; x_wconf 82' lang='lat' dir='ltr'>ginta</span> <span class='ocrx_word' id='word_1_168' title='bbox 202 1654 352 1710; x_wconf 89' lang='lat' dir='ltr'>justos,</span> <span class='ocrx_word' id='word_1_169' title='bbox 377 1669 462 1696; x_wconf 91' lang='lat' dir='ltr'>non</span> <span class='ocrx_word' id='word_1_170' title='bbox 485 1662 593 1696; x_wconf 90' lang='lat' dir='ltr'>esset</span> <span class='ocrx_word' id='word_1_171' title='bbox 609 1668 766 1702; x_wconf 86' lang='lat' dir='ltr'>eversa,</span> <span class='ocrx_word' id='word_1_172' title='bbox 792 1662 833 1695; x_wconf 90' lang='lat' dir='ltr'>et</span> <span class='ocrx_word' id='word_1_173' title='bbox 855 1653 887 1695; x_wconf 90' lang='lat' dir='ltr'>si</span> <span class='ocrx_word' id='word_1_174' title='bbox 910 1654 1056 1695; x_wconf 88' lang='lat' dir='ltr'>decem</span> <span class='ocrx_word' id='word_1_175' title='bbox 1072 1653 1302 1703; x_wconf 75' lang='lat' dir='ltr'>habuisset,</span> <span class='ocrx_word' id='word_1_176' title='bbox 1323 1662 1432 1697; x_wconf 81' lang='lat' dir='ltr'>esset</span> 
     </span>
     <span class='ocr_line' id='line_1_23' title="bbox 72 1723 1432 1781; baseline 0 -16"><span class='ocrx_word' id='word_1_177' title='bbox 72 1724 311 1781; x_wconf 85' lang='lat' dir='ltr'>redempta3</span> <span class='ocrx_word' id='word_1_178' title='bbox 331 1739 381 1765; x_wconf 91' lang='lat' dir='ltr'>eo</span> <span class='ocrx_word' id='word_1_179' title='bbox 398 1724 511 1780; x_wconf 88' lang='lat' dir='ltr'>qnod</span> <span class='ocrx_word' id='word_1_180' title='bbox 524 1739 660 1765; x_wconf 90' lang='lat' dir='ltr'>sermo</span> <span class='ocrx_word' id='word_1_181' title='bbox 684 1723 938 1764; x_wconf 87' lang='lat' dir='ltr'>remissionis</span> <span class='ocrx_word' id='word_1_182' title='bbox 956 1731 1231 1780; x_wconf 86' lang='lat' dir='ltr'>peccatorum</span> <span class='ocrx_word' id='word_1_183' title='bbox 1250 1723 1432 1765; x_wconf 85' lang='lat' dir='ltr'>animam</span> 
     </span>
     <span class='ocr_line' id='line_1_24' title="bbox 72 1794 1433 1852; baseline 0 -17"><span class='ocrx_word' id='word_1_184' title='bbox 72 1794 272 1836; x_wconf 86' lang='lat' dir='ltr'>servitute</span> <span class='ocrx_word' id='word_1_185' title='bbox 295 1802 439 1844; x_wconf 87' lang='lat' dir='ltr'>exuat,</span> <span class='ocrx_word' id='word_1_186' title='bbox 464 1802 506 1836; x_wconf 89' lang='lat' dir='ltr'>et</span> <span class='ocrx_word' id='word_1_187' title='bbox 534 1794 763 1852; x_wconf 60' lang='lat' dir='ltr'>disciplinas</span> <span class='ocrx_word' id='word_1_188' title='bbox 786 1794 1003 1852; x_wconf 85' lang='lat' dir='ltr'>plenitudo</span> <span class='ocrx_word' id='word_1_189' title='bbox 1027 1794 1223 1851; x_wconf 78' lang='lat' dir='ltr'>perfectae</span> <span class='ocrx_word' id='word_1_190' title='bbox 1246 1802 1433 1836; x_wconf 88' lang='lat' dir='ltr'>mentem</span> 
     </span>
     <span class='ocr_line' id='line_1_25' title="bbox 73 1863 1070 1922; baseline 0 -18"><span class='ocrx_word' id='word_1_191' title='bbox 73 1878 159 1904; x_wconf 91' lang='lat' dir='ltr'>non</span> <span class='ocrx_word' id='word_1_192' title='bbox 182 1863 288 1905; x_wconf 87' lang='lat' dir='ltr'>sinat</span> <span class='ocrx_word' id='word_1_193' title='bbox 310 1864 427 1906; x_wconf 84' lang='lat' dir='ltr'>edaci</span> <span class='ocrx_word' id='word_1_194' title='bbox 447 1864 670 1906; x_wconf 87' lang='lat' dir='ltr'>libidinum</span> <span class='ocrx_word' id='word_1_195' title='bbox 693 1878 848 1922; x_wconf 82' lang='lat' dir='ltr'>vapore</span> <span class='ocrx_word' id='word_1_196' title='bbox 865 1864 1070 1906; x_wconf 86' lang='lat' dir='ltr'>consumi.</span> 
     </span>
    </p>

    <p class='ocr_par' dir='ltr' id='par_1_4' title="bbox 34 1931 1438 2556">
     <span class='ocr_line' id='line_1_26' title="bbox 130 1931 1438 1983; baseline 0 -8"><span class='ocrx_word' id='word_1_197' title='bbox 130 1933 225 1976; x_wconf 89' lang='lat' dir='ltr'>XII.</span> <span class='ocrx_word' id='word_1_198' title='bbox 262 1934 494 1976; x_wconf 87' lang='lat' dir='ltr'>Plurimum</span> <span class='ocrx_word' id='word_1_199' title='bbox 520 1942 660 1976; x_wconf 88' lang='lat' dir='ltr'>tamen</span> <span class='ocrx_word' id='word_1_200' title='bbox 688 1934 838 1983; x_wconf 87' lang='lat' dir='ltr'>refert,</span> <span class='ocrx_word' id='word_1_201' title='bbox 863 1942 905 1976; x_wconf 85' lang='lat' dir='ltr'>et</span> <span class='ocrx_word' id='word_1_202' title='bbox 935 1935 1139 1975; x_wconf 86' lang='lat' dir='ltr'>moralem</span> <span class='ocrx_word' id='word_1_203' title='bbox 1167 1932 1345 1974; x_wconf 80' lang='lat' dir='ltr'>aedificat</span> <span class='ocrx_word' id='word_1_204' title='bbox 1373 1931 1438 1975; x_wconf 77' lang='lat' dir='ltr'>af-</span> 
     </span>
     <span class='ocr_line' id='line_1_27' title="bbox 73 1995 1434 2062; baseline -0.002 -16"><span class='ocrx_word' id='word_1_205' title='bbox 73 2003 253 2053; x_wconf 79' lang='lat' dir='ltr'>fectum,</span> <span class='ocrx_word' id='word_1_206' title='bbox 278 2005 309 2046; x_wconf 88' lang='lat' dir='ltr'>si</span> <span class='ocrx_word' id='word_1_207' title='bbox 336 2005 462 2047; x_wconf 90' lang='lat' dir='ltr'>etiam</span> <span class='ocrx_word' id='word_1_208' title='bbox 485 1995 710 2046; x_wconf 84' lang='lat' dir='ltr'>numerum</span> <span class='ocrx_word' id='word_1_209' title='bbox 732 2004 941 2062; x_wconf 86' lang='lat' dir='ltr'>justorum</span> <span class='ocrx_word' id='word_1_210' title='bbox 975 2003 1219 2060; x_wconf 87' lang='lat' dir='ltr'>simpliciter</span> <span class='ocrx_word' id='word_1_211' title='bbox 1250 2002 1434 2058; x_wconf 87' lang='lat' dir='ltr'>accipia-</span> 
     </span>
     <span class='ocr_line' id='line_1_28' title="bbox 74 2073 1435 2134; baseline -0.003 -17"><span class='ocrx_word' id='word_1_212' title='bbox 74 2091 167 2117; x_wconf 84' lang='lat' dir='ltr'>mus</span> <span class='ocrx_word' id='word_1_213' title='bbox 208 2077 407 2133; x_wconf 88' lang='lat' dir='ltr'>prodesse</span> <span class='ocrx_word' id='word_1_214' title='bbox 446 2077 701 2134; x_wconf 88' lang='lat' dir='ltr'>populorum</span> <span class='ocrx_word' id='word_1_215' title='bbox 735 2074 869 2117; x_wconf 88' lang='lat' dir='ltr'>saluti.</span> <span class='ocrx_word' id='word_1_216' title='bbox 916 2073 1167 2131; x_wconf 89' lang='lat' dir='ltr'>Comprimit</span> <span class='ocrx_word' id='word_1_217' title='bbox 1202 2081 1243 2114; x_wconf 90' lang='lat' dir='ltr'>et</span> <span class='ocrx_word' id='word_1_218' title='bbox 1273 2080 1435 2114; x_wconf 85' lang='lat' dir='ltr'>resecat</span> 
     </span>
     <span class='ocr_line' id='line_1_29' title="bbox 34 2142 1434 2203; baseline -0.004 -15"><span class='ocrx_word' id='word_1_219' title='bbox 34 2145 37 2147; x_wconf 66' lang='grc'><strong>’</strong></span> <span class='ocrx_word' id='word_1_220' title='bbox 74 2146 287 2195; x_wconf 86' lang='lat' dir='ltr'>invidiam,</span> <span class='ocrx_word' id='word_1_221' title='bbox 313 2146 532 2187; x_wconf 85' lang='lat' dir='ltr'>confundit</span> <span class='ocrx_word' id='word_1_222' title='bbox 553 2144 885 2203; x_wconf 82' lang='lat' dir='ltr'>improbitatem,</span> <span class='ocrx_word' id='word_1_223' title='bbox 904 2143 1102 2186; x_wconf 84' lang='lat' dir='ltr'>virtutem</span> <span class='ocrx_word' id='word_1_224' title='bbox 1122 2142 1283 2190; x_wconf 87' lang='lat' dir='ltr'>incitat,</span> <span class='ocrx_word' id='word_1_225' title='bbox 1310 2149 1434 2199; x_wconf 81' lang='lat' dir='ltr'>anget</span> 
     </span>
     <span class='ocr_line' id='line_1_30' title="bbox 75 2212 1435 2273; baseline -0.003 -17"><span class='ocrx_word' id='word_1_226' title='bbox 75 2216 261 2273; x_wconf 81' lang='lat' dir='ltr'>gratiam.</span> <span class='ocrx_word' id='word_1_227' title='bbox 302 2216 433 2258; x_wconf 83' lang='lat' dir='ltr'>Nemo</span> <span class='ocrx_word' id='word_1_228' title='bbox 467 2216 579 2257; x_wconf 88' lang='lat' dir='ltr'>enim</span> <span class='ocrx_word' id='word_1_229' title='bbox 611 2215 798 2257; x_wconf 86' lang='lat' dir='ltr'>invidere</span> <span class='ocrx_word' id='word_1_230' title='bbox 836 2213 961 2255; x_wconf 88' lang='lat' dir='ltr'>debet</span> <span class='ocrx_word' id='word_1_231' title='bbox 995 2212 1312 2264; x_wconf 72' lang='lat' dir='ltr'>alteri&#39;laudem</span> <span class='ocrx_word' id='word_1_232' title='bbox 1343 2225 1435 2267; x_wconf 81' lang='lat' dir='ltr'>quae</span> 
     </span>
     <span class='ocr_line' id='line_1_31' title="bbox 77 2276 1436 2344; baseline -0.005 -17"><span class='ocrx_word' id='word_1_233' title='bbox 77 2286 154 2327; x_wconf 89' lang='lat' dir='ltr'>sibi</span> <span class='ocrx_word' id='word_1_234' title='bbox 182 2286 343 2343; x_wconf 87' lang='lat' dir='ltr'>prosit:</span> <span class='ocrx_word' id='word_1_235' title='bbox 372 2294 495 2343; x_wconf 88' lang='lat' dir='ltr'>atque</span> <span class='ocrx_word' id='word_1_236' title='bbox 522 2285 738 2344; x_wconf 84' lang='lat' dir='ltr'>improbus</span> <span class='ocrx_word' id='word_1_237' title='bbox 767 2276 942 2342; x_wconf 85' lang='lat' dir='ltr'>quisque</span> <span class='ocrx_word' id='word_1_238' title='bbox 970 2284 1280 2339; x_wconf 80' lang='lat' dir='ltr'>redemptorem</span> <span class='ocrx_word' id='word_1_239' title='bbox 1313 2294 1436 2322; x_wconf 89' lang='lat' dir='ltr'>suum</span> 
     </span>
     <span class='ocr_line' id='line_1_32' title="bbox 78 2351 1430 2413; baseline -0.004 -16"><span class='ocrx_word' id='word_1_240' title='bbox 78 2357 178 2397; x_wconf 87' lang='lat' dir='ltr'>dum</span> <span class='ocrx_word' id='word_1_241' title='bbox 209 2356 401 2413; x_wconf 88' lang='lat' dir='ltr'>suscipit,</span> <span class='ocrx_word' id='word_1_242' title='bbox 425 2356 664 2413; x_wconf 83' lang='lat' dir='ltr'>frequenter</span> <span class='ocrx_word' id='word_1_243' title='bbox 686 2355 874 2397; x_wconf 76' lang='lat' dir='ltr'>imitatur</span> <span class='ocrx_word' id='word_1_244' title='bbox 883 2371 894 2403; x_wconf 82' lang='lat'><em>3</em></span> <span class='ocrx_word' id='word_1_245' title='bbox 921 2361 1035 2396; x_wconf 89' lang='lat' dir='ltr'>certe</span> <span class='ocrx_word' id='word_1_246' title='bbox 1064 2359 1307 2400; x_wconf 83' lang='lat' dir='ltr'>veneratur,</span> <span class='ocrx_word' id='word_1_247' title='bbox 1341 2351 1430 2406; x_wconf 79' lang='lat' dir='ltr'>ple-</span> 
     </span>
     <span class='ocr_line' id='line_1_33' title="bbox 76 2421 1434 2485; baseline -0.004 -17"><span class='ocrx_word' id='word_1_248' title='bbox 76 2440 255 2484; x_wconf 84' lang='lat' dir='ltr'>rumque</span> <span class='ocrx_word' id='word_1_249' title='bbox 276 2428 401 2469; x_wconf 83' lang='lat' dir='ltr'>etiam</span> <span class='ocrx_word' id='word_1_250' title='bbox 426 2428 568 2485; x_wconf 87' lang='lat' dir='ltr'>diligit.</span> <span class='ocrx_word' id='word_1_251' title='bbox 597 2428 689 2485; x_wconf 91' lang='lat' dir='ltr'>Ipse</span> <span class='ocrx_word' id='word_1_252' title='bbox 707 2426 834 2469; x_wconf 88' lang='lat' dir='ltr'>etiam</span> <span class='ocrx_word' id='word_1_253' title='bbox 853 2424 886 2466; x_wconf 91' lang='lat' dir='ltr'>si</span> <span class='ocrx_word' id='word_1_254' title='bbox 904 2424 992 2466; x_wconf 88' lang='lat' dir='ltr'>aliis</span> <span class='ocrx_word' id='word_1_255' title='bbox 1013 2423 1281 2482; x_wconf 82' lang='lat' dir='ltr'>profuturnm</span> <span class='ocrx_word' id='word_1_256' title='bbox 1305 2421 1434 2470; x_wconf 83' lang='lat' dir='ltr'>sciat,</span> 
     </span>
     <span class='ocr_line' id='line_1_34' title="bbox 78 2491 1437 2556; baseline -0.005 -18"><span class='ocrx_word' id='word_1_257' title='bbox 78 2497 223 2539; x_wconf 89' lang='lat' dir='ltr'>studiis</span> <span class='ocrx_word' id='word_1_258' title='bbox 241 2506 438 2555; x_wconf 84' lang='lat' dir='ltr'>augetur,</span> <span class='ocrx_word' id='word_1_259' title='bbox 458 2514 590 2555; x_wconf 90' lang='lat' dir='ltr'>eaque</span> <span class='ocrx_word' id='word_1_260' title='bbox 604 2497 734 2556; x_wconf 87' lang='lat' dir='ltr'>gratia</span> <span class='ocrx_word' id='word_1_261' title='bbox 752 2495 1176 2553; x_wconf 84' lang='lat' dir='ltr'>connectitpopnlos‚</span> <span class='ocrx_word' id='word_1_262' title='bbox 1197 2491 1437 2534; x_wconf 86' lang='lat' dir='ltr'>accumulat</span> 
     </span>
    </p>
   </div>
   <div class='ocr_carea' id='block_1_4' title="bbox 124 2589 444 2632">
    <p class='ocr_par' dir='ltr' id='par_1_5' title="bbox 124 2589 444 2632">
     <span class='ocr_line' id='line_1_35' title="bbox 124 2589 444 2632; baseline 0.003 -11"><span class='ocrx_word' id='word_1_263' title='bbox 124 2598 134 2613; x_wconf 83' lang='lat'>¹</span> <span class='ocrx_word' id='word_1_264' title='bbox 156 2589 258 2622; x_wconf 81' lang='lat' dir='ltr'>Exod.</span> <span class='ocrx_word' id='word_1_265' title='bbox 280 2601 393 2629; x_wconf 62' lang='lat' dir='ltr'>xxxiv,</span> <span class='ocrx_word' id='word_1_266' title='bbox 413 2601 444 2632; x_wconf 88' lang='lat'>9.</span> 
     </span>
    </p>
   </div>
  </div>
 </body>
</html>
