1742 3233
428 295 479 322 nn
514 295 592 322 Noa
628 295 678 322 Er
716 295 834 323 ARCA.
875 296 991 324 unna
1024 296 1138 324 exus.
1376 287 1461 341 429

115 386 284 429 egerere
317 372 632 419 consuevimus:
667 381 713 414 ut
742 388 832 429 quae
867 382 1064 430 putamus
1097 374 1340 432 ignobiliora
1376 391 1464 418 esse

117 443 303 499 corporis
319 476 330 491 ,
356 442 418 483 his
435 441 640 484 honorem
657 443 1004 486 abundantiorem
1024 446 1315 488 circumdaret.
1339 445 1466 496 Quod

115 513 248 553 multo
265 511 420 568 gratius
442 511 659 569 Scriptura
680 513 907 570 expressit,
933 529 1057 570 quam
1079 515 1271 558 Socrates
1296 516 1338 557 in
1358 516 1464 557 libro

113 582 297 623 Platonis
326 581 475 622 dixisse
501 582 664 638 legitur.
692 582 795 624 Nam
820 598 917 624 cum
944 584 1055 626 istud
1085 585 1126 626 in
1153 585 1282 641 Moysi
1304 585 1466 641 scriptis

113 651 198 693 sive
222 651 308 708 ipse
326 651 519 693 Socrates
534 684 545 699 ,
570 652 654 693 sive
675 652 791 694 Plato
807 685 818 701 ‚
845 653 916 709 qui
939 654 980 694 in
1002 654 1180 711 [Egypto
1202 655 1300 702 suit,
1323 663 1467 712 potue-

112 721 167 762 rit
187 722 251 762 vel
272 722 408 778 legere
422 754 433 770 ‚
452 723 517 763 vel
539 721 589 762 ab
614 722 701 763 aliis
723 723 941 780 percipere
955 756 965 771 ,
986 724 1057 779 qui
1073 726 1261 781 legerant
1274 740 1286 772 3
1313 725 1466 765 decoro

113 799 252 832 motus
280 790 449 832 invento
473 791 625 832 ostium
648 792 725 832 sibi
746 801 937 849 apertum
964 793 1147 849 putavit;
1171 801 1217 835 ut
1241 794 1468 850 operatoris

117 859 247 901 nostri
280 860 500 901 consilium
523 861 770 917 praedicaret
795 877 803 902 :
830 861 1004 903 laudans
1026 877 1074 903 eo
1102 863 1215 918 quod
1239 863 1280 903 id
1302 862 1469 919 potissi-

112 945 231 971 mum
261 931 404 972 decori
441 932 706 980 convenerit,
742 940 787 973 ut
823 934 975 973 ductus
1006 935 1208 988 quosdam
1240 934 1304 974 vel
1336 933 1468 974 exitus

115 1001 408 1043 cuniculorum
432 1011 670 1043 nostrorum
692 1017 713 1042 a
736 1010 853 1058 tergo
871 1010 1076 1044 averteret
1089 1019 1100 1050 ;
1120 1017 1173 1043 ne
1195 1003 1235 1043 in
1254 1003 1470 1060 purgatio-

115 1071 238 1112 nibus
270 1071 425 1112 ventris
466 1081 714 1128 conspectus
760 1071 903 1112 noster
940 1071 1236 1114 offenderetur.
1280 1071 1334 1113 At
1371 1087 1469 1113 vero

115 1141 341 1198 Apostolus
367 1157 375 1182 :
404 1159 420 1179 «
436 1141 540 1192 Quae
564 1142 775 1189 videntur,
801 1141 959 1197 inquit,
984 1141 1175 1182 membra
1202 1141 1387 1198 corporis
1405 1142 1470 1182 in—

115 1208 330 1251 »firmiora
352 1225 467 1259 esse,
496 1211 729 1252 necessaria
759 1218 877 1257 sunt,
897 1228 912 1248 »
937 1225 1021 1250 uno
1052 1224 1100 1251 ac
1132 1210 1311 1267 simplici
1342 1211 1470 1251 verbo

118 1278 417 1335 descriptiones
434 1279 708 1337 philosophiae
730 1294 1021 1336 supergressus
1036 1295 1047 1326 ;
1064 1279 1141 1320 «Et
1161 1294 1252 1335 quae
1274 1287 1469 1336 putamus

116 1366 131 1386 »
146 1348 392 1405 ignobiliora
431 1364 520 1390 esse
550 1349 741 1390 membra
770 1349 980 1406 corporis,
1007 1348 1070 1389 his
1100 1348 1304 1390 honorem
1343 1349 1472 1390 abnn-

116 1437 132 1458 »
148 1418 381 1460 dantiorem
405 1419 744 1467 circumdamus3
770 1427 811 1461 et
829 1434 919 1475 quae
946 1419 1164 1460 inhonesta
1187 1428 1283 1460 sunt
1304 1428 1467 1469 nostra,

116 1489 408 1530 »honestatem
438 1490 788 1530 abundantiorem
818 1488 1016 1530 habent2.
1042 1506 1058 1526 »
1084 1488 1327 1530 Sobrietatis
1358 1489 1470 1530 enim

117 1566 268 1600 nostrae
283 1567 324 1600 et
340 1559 627 1615 temperantiae
645 1558 847 1600 indicium
859 1558 1069 1614 praecipue
1086 1557 1169 1599 illic
1186 1557 1465 1614 cognoscitur.

117 1628 343 1670 Helluones
365 1628 477 1670 enim
501 1636 570 1669 aut
593 1628 891 1670 distenduntur
912 1627 1118 1669 cruditate
1140 1642 1270 1683 usque
1292 1629 1344 1668 ad
1365 1628 1471 1684 peri-

119 1699 263 1739 culum
276 1731 286 1746 ‚
308 1707 378 1740 aut
394 1699 642 1755 plerumque
666 1699 883 1739 solvuntur
899 1697 1126 1738 visceribus
1143 1697 1373 1739 exinanitis.

174 1766 309 1809 XXV.
349 1768 475 1818 Quod
492 1767 668 1824 pulchre
688 1767 814 1809 etiam
838 1768 889 1808 ad
915 1766 1112 1807 Ecclesiae
1129 1766 1317 1807 membra
1335 1766 1471 1823 Apos-

118 1836 228 1878 tolus
249 1836 402 1878 retulit.
432 1837 536 1887 Quae
567 1837 679 1878 enim
710 1837 930 1878 inhonesta
954 1844 1051 1877 sunt
1082 1844 1221 1876 nostra
1252 1851 1298 1877 ac
1324 1851 1471 1893 super—

117 1905 229 1954 flua,
253 1906 332 1947 nisi
355 1906 540 1954 luxuria,
575 1905 653 1947 nisi
684 1905 908 1948 lascivia29
933 1905 1097 1956 Quibus
1119 1905 1151 1946 si
1178 1905 1269 1961 quis
1292 1905 1472 1962 juv-entre

120 1974 303 2018 irretitus
321 1984 511 2033 tempore
526 2010 536 2026 ,
557 1991 653 2018 cum
672 1976 721 2018 ad
737 1975 1014 2017 maturiorem
1026 1984 1191 2017 aetatem
1203 1978 1470 2033 processerit,

120 2045 259 2088 veniat
284 2047 334 2087 ad
356 2045 636 2102 baptismum,
670 2046 886 2087 renuntiet
918 2044 1227 2102 superioribus,
1253 2060 1474 2102 moresque

120 2115 280 2172 priores
311 2123 457 2163 exuat,
481 2123 655 2172 peccata
687 2116 897 2172 deponat,
925 2115 1231 2171 consepeliatur
1259 2130 1356 2157 cum
1387 2116 1475 2158 Do-

121 2184 235 2226 mino
256 2183 358 2227 Jesu
375 2184 541 2227 Christo
556 2218 567 2234 ,
587 2184 857 2242 crucifigatur
869 2184 906 2226 ei
922 2185 1074 2226 mudus
1087 2217 1098 2233 ‚
1117 2193 1158 2226 et
1180 2185 1267 2242 ipse
1289 2186 1471 2234 mund03

122 2247 262 2296 nonne
283 2253 315 2296 is
338 2263 609 2312 peccatorum
631 2256 877 2297 remissione
900 2256 1099 2303 donatus,
1125 2255 1474 2297 abundantiorem

122 2323 404 2372 honestatem,
426 2339 551 2381 qnam
568 2325 636 2367 ille
658 2325 987 2367 catechumenus
1001 2358 1012 2374 ,
1032 2324 1152 2380 cnjus
1167 2324 1250 2365 vita
1272 2324 1474 2366 innocen-

125 2393 221 2441 tior,
238 2392 395 2435 habere
416 2394 673 2437 aestimaturP
687 2403 728 2436 et
747 2404 794 2437 ut
810 2395 998 2452 Apostoli
1019 2395 1147 2452 ipsius
1170 2395 1359 2451 exemplo
1382 2402 1476 2435 nta-

124 2476 235 2511 mur,
264 2461 289 2504 J
295 2464 434 2505 udaeus
458 2472 566 2514 erat,
601 2473 847 2522 persecutor
878 2473 965 2506 erat
992 2480 1001 2505 ε
1026 2472 1195 2506 vocatus
1220 2464 1272 2505 ad
1302 2463 1475 2520 gratiam

127 2531 304 2581 Christi,
340 2533 466 2591 coepit
497 2549 586 2577 esse
615 2535 851 2592 Apostolus.
879 2535 932 2577 Et
954 2535 1049 2592 quia
1074 2536 1166 2592 plus
1198 2534 1236 2576 ei
1259 2533 1474 2580 dimissum

174 2628 184 2644 ¹
206 2621 282 2656 Cor.
301 2632 364 2662 ιιι,
381 2634 432 2663 22,
450 2624 499 2658 23.
520 2643 558 2651 -
576 2634 589 2649 ¹
610 2625 693 2662 Ihid.
716 2637 768 2669 27,
781 2631 813 2660 et
829 2635 920 2671 seqq.
