1742 3233
347 332 398 357 DE
432 331 511 358 Noa
544 329 596 357 ET
631 329 751 357 Anca.
789 330 908 358 Lmen
941 330 1054 358 rxcs.
1288 318 1371 367 483

82 406 272 452 XCVIII.
293 425 308 446 α
326 407 410 458 Qui
428 407 637 456 effuderit,
655 406 805 463 inquit,
825 407 1068 464 sanguinem
1086 406 1283 455 hominis,
1300 422 1376 464 pro

24 496 40 515 »
69 477 269 534 sanguine
292 477 472 518 hominis
494 477 600 533 ejus,
625 475 865 518 effundetur
884 475 914 517 ¹.
939 496 954 514 »
969 477 1061 518 Nou
1089 477 1243 518 erravit
1263 478 1378 519 locu-

26 547 98 595 tio,
125 549 197 588 sed
219 546 428 604 emphasi's
452 556 540 595 est,
565 547 608 588 id
624 554 708 595 est,
732 546 993 603 exaggeratio
1018 546 1125 587 sacta
1149 547 1377 588 verborum

27 623 104 664 est,
127 631 176 657 eo
194 618 306 672 quod
324 616 356 658 is
374 616 446 672 qui
462 615 659 657 effuderit
679 616 923 672 sanguinem
941 615 1136 663 hominis,
1158 616 1245 672 ipse
1263 617 1379 672 quasi

28 686 192 742 sanguis
207 685 465 734 effundetur,
490 687 605 742 quod
622 700 739 742 spem
762 686 800 727 ei
821 686 1073 742 posteritatis
1091 686 1262 743 eripiat3
1285 686 1381 742 quia

28 755 136 797 sleut
165 755 331 814 sanguis
353 755 509 798 effusus
537 755 580 796 in
602 763 759 797 terram
782 755 862 798 hac
885 763 1008 812 atque
1032 755 1124 797 illac
1149 755 1378 813 spargitur,

28 825 83 866 ita
105 825 330 883 impiorum
358 826 495 868 anima
520 841 733 884 corporeae
765 825 996 883 fragilitatis
1028 840 1144 867 more
1174 826 1380 873 solvatur;

29 894 125 951 quia
146 904 188 937 et
212 896 263 937 ‹le
284 896 419 938 anima
447 896 608 938 dictum
631 903 694 938 est
717 904 897 937 mortem
918 895 1008 952 ejus
1031 910 1120 937 esse
1144 895 1382 952 corruptio-

34 979 132 1006 nem
154 963 167 985 ²
185 997 196 1013 ,
228 980 277 1006 eo
304 965 418 1022 quod
448 965 588 1022 grati'ae
619 965 796 1007 coelestis
826 980 1003 1006 munere
1031 964 1318 1012 defraudetur,
1345 973 1388 1006 et

34 1035 148 1076 velut
172 1035 314 1077 collisa
339 1035 507 1077 malitiae
527 1036 710 1092 scopulis
733 1035 986 1077 salubritatis
1014 1050 1097 1076 suae
1125 1050 1277 1092 eorpus
1303 1034 1383 1076 im-

33 1104 207 1147 minuat.

90 1173 245 1217 XCIX.
275 1174 411 1217 Movet
432 1174 558 1215 etiam
583 1175 804 1231 plerosque
827 1175 942 1230 quod
964 1173 1113 1216 dixerit
1138 1190 1179 1215 t«
1202 1173 1268 1217 Ad
1289 1174 1388 1215 ima-

34 1263 50 1284 »
63 1244 202 1303 ginem
228 1244 306 1287 Dei
333 1243 433 1287 fecit
455 1243 671 1286 hominem
693 1243 725 1285 ³:
750 1263 765 1283 »
798 1244 851 1285 Et
871 1259 956 1286 non
975 1244 1134 1286 dixerit.
1155 1262 1171 1282 (ι
1192 1243 1259 1295 Ad
1280 1243 1386 1286 ima—

33 1315 172 1372 ginem
194 1329 332 1356 meam
345 1347 357 1364 ,
376 1334 391 1353 »
406 1329 504 1356 cum
526 1314 612 1371 ipse
630 1313 682 1355 sit
701 1313 826 1355 Deus.
855 1313 939 1355 Sed
962 1313 1144 1371 intellige
1161 1322 1203 1355 et
1216 1314 1386 1356 Patrem

33 1401 144 1434 esse,
169 1394 211 1427 et
232 1384 386 1428 Filium
407 1400 508 1426 esse.
535 1384 586 1425 Et
604 1384 704 1426 licet
724 1399 800 1440 per
820 1383 974 1425 Filium
992 1384 1130 1425 omnia
1147 1383 1255 1425 sacta
1269 1391 1382 1432 sunt,

32 1464 175 1497 tamen
196 1456 372 1512 legimus
387 1453 482 1511 quia
497 1454 619 1496 Pater
640 1453 786 1495 fecerit
810 1453 948 1495 omnia
965 1486 974 1501 ,
994 1462 1035 1495 et
1056 1453 1200 1495 fecerit
1221 1470 1296 1511 per
1311 1453 1360 1496 Fi
1377 1480 1385 1486 -

32 1526 152 1576 lium,
170 1525 278 1568 sicut
294 1525 498 1582 scriptum
518 1533 579 1566 est
601 1540 609 1565 :
627 1541 643 1562 «
666 1523 818 1566 Omnia
840 1523 882 1564 in
907 1522 1119 1580 Sapientia
1144 1523 1278 1566 fecisti
1300 1523 1328 1566 ⁵.
1358 1542 1373 1563 r>

33 1596 127 1638 Sive
149 1611 248 1654 ergo
275 1596 399 1640 Pater
420 1595 547 1643 dicit,
575 1595 627 1636 ad
649 1593 873 1650 imaginem
894 1592 1021 1635 Verbi
1043 1593 1141 1634 secit
1167 1609 1175 1634 :
1200 1594 1285 1636 sive
1309 1594 1383 1636 Fi-

32 1666 111 1708 lius
129 1667 245 1715 dicit,
271 1667 323 1708 ad
342 1665 565 1722 imaginem
586 1663 806 1706 DeiPatris
825 1663 935 1704 fecit.
957 1662 1009 1704 Et
1026 1663 1119 1704 ideo
1136 1662 1384 1705 familiarem

32 1737 258 1793 quamdam
275 1744 316 1778 et
334 1735 606 1777 domesticam
622 1735 710 1776 Deo
730 1733 987 1775 demonstrat
1004 1733 1185 1775 hominis
1206 1749 1296 1775 esse
1316 1749 1385 1775 na-

32 1815 198 1856 turam,
223 1807 266 1848 id
289 1814 377 1855 est,
407 1804 666 1847 rationabilis
688 1803 894 1852 hominis,
925 1804 1158 1844 secundum
1191 1805 1304 1860 quod
1333 1805 1385 1846 ad

31 1877 256 1935 imaginem
276 1876 354 1918 Dei
372 1876 500 1917 creati
517 1889 659 1916 sumus
671 1891 682 1922 3
703 1889 835 1930 eaque
854 1887 977 1914 causa
996 1872 1177 1914 inultum
1193 1888 1277 1914 non
1294 1889 1385 1915 esse

32 1949 143 2006 apud
165 1948 302 1990 Deum
333 1947 447 2003 quod
468 1945 511 1986 in
534 1944 814 1986 domesticum
841 1943 995 1984 animal
1018 1942 1095 1984 sibi
1117 1943 1256 1997 videat
1284 1958 1385 1986 cru-

31 2019 180 2061 deliter
200 2026 242 2060 et
262 2017 390 2075 impie
411 2031 501 2058 esse
523 2015 806 2057 commissum.

92 2088 142 2131 C:
167 2087 300 2131 Causa
322 2102 421 2144 ergo
439 2086 631 2129 vindictae
659 2085 798 2127 addita
820 2084 934 2133 facit,
961 2092 1007 2125 ut
1028 2085 1211 2141 primum
1238 2086 1384 2127 exclu-

30 2160 177 2201 damus
199 2157 544 2216 philosophorum
564 2155 846 2213 quorumdam
867 2154 1082 2212 opiniones
1098 2187 1108 2202 ,
1135 2155 1206 2211 qui
1228 2164 1382 2213 negant

27 2230 166 2274 Deum
182 2229 339 2271 habere
361 2243 505 2270 curam
526 2242 649 2284 super
665 2225 855 2268 homines
881 2240 889 2266 :
916 2224 1065 2266 deinde
1083 2225 1260 2267 scientes
1277 2242 1379 2283 prae-

28 2299 257 2358 rogativam
289 2306 440 2340 nostrae
461 2297 630 2339 ultionis
657 2297 768 2354 apud
795 2295 932 2337 Denm
956 2310 1149 2343 manere,
1174 2311 1312 2357 neque
1337 2296 1380 2337 in

30 2372 130 2414 alios
154 2370 465 2413 committamus
492 2369 605 2426 quod
627 2367 764 2410 divino
786 2365 945 2424 judicio
968 2366 1268 2409 vindicandum
1298 2367 1349 2423 sit
1363 2385 1374 2416 3

27 2456 164 2499 neque
183 2449 364 2483 mortem
380 2440 456 2498 ipsi
472 2438 758 2481 vehementius
775 2437 1134 2495 pertimescamus,
1156 2453 1253 2479 cum
1276 2437 1377 2480 seia-

27 2526 121 2563 mus
151 2512 287 2555 necati
314 2511 496 2554 hominis
525 2508 760 2552 innocentis
788 2509 899 2566 apud
928 2508 1065 2551 Deum
1092 2509 1258 2552 nullum
1286 2523 1376 2551 esse

28 2590 331 2640 contemptum.

69 2677 83 2706 .¹
97 2671 181 2705 Gen.
200 2682 247 2713 lx,
265 2671 297 2707 6.
315 2686 357 2698 —·
372 2682 384 2697 ²
400 2671 482 2709 Job.
497 2682 615 2710 xxxin,
633 2671 685 2706 28.
701 2689 739 2697 —
755 2673 768 2696 ³
788 2671 869 2704 Gen.
886 2680 930 2710 lx,
946 2668 980 2704 6.
1001 2685 1040 2696 -
1060 2670 1166 2705 ⁴Psal.
1190 2680 1263 2711 cur,
1280 2669 1332 2708 24·

1160 2725 1229 2767 31.
