1742 3233
631 289 769 321 mnnx.
1292 276 1379 333 649

31 370 140 402 Gna-r
155 369 217 403 lv.
234 368 348 403 Virum
366 368 397 401 in
421 367 568 411 paradiso
583 378 647 400 non
670 367 786 400 factum
797 389 806 405 ,
821 367 874 399 sed
891 367 1042 410 positum:
1060 372 1091 400 et
1105 367 1138 399 in
1151 376 1189 399 eo
1202 366 1271 400 sac-

69 430 133 457 tam
149 424 330 462 mulierem,
345 434 403 466 per
417 433 511 466 quam
529 423 581 455 ille
598 423 658 456 fuit
671 422 832 464 deceptus.
853 423 939 455 Tum
953 422 1030 466 quid
1043 422 1084 455 sit
1097 423 1220 464 operari
1233 426 1265 454 et

69 478 241 509 custodire.
1317 476 1378 509 288

26 531 135 564 CAPUT
159 531 199 563 V.
227 530 435 562 Examinatur
458 536 655 574 praeceptum
677 530 717 562 de
744 540 809 562 non
832 530 956 562 edendo
972 529 1010 561 de
1026 529 1113 571 ligno
1131 529 1270 562 scientiae

69 584 190 616 boniet
205 583 276 615 mali
290 607 300 623 ‚
318 589 348 616 et
361 583 443 616 circa
461 584 493 616 id
510 589 705 626 emergentes
722 582 923 615 difficultates
936 582 1159 614 dissolvuntur.
1318 593 1379 625 29⁰

25 638 134 670 Cum·
155 637 214 668 Vl.
231 637 319 669 Alias
342 637 446 679 plures
463 638 679 671 dubitationes
695 638 776 669 circa
794 643 988 680 praeceptum
1003 636 1081 669 Adae
1095 637 1215 673 datum,
1241 641 1274 669 et

67 690 145 723 Evae
161 689 454 732 praevaricationem
470 691 623 724 excitatas
636 691 743 723 diluit.
1320 690 1381 732 294

28 743 139 775 CAPUT
154 744 234 776 vil.
253 744 417 783 Quaeritur
439 750 545 777 utrum
569 756 586 777 a
612 746 682 777 Deo
694 768 702 783 ,
727 746 777 777 vel
795 756 811 777 a
825 745 922 787 ligno,
939 744 988 777 vel
1004 745 1132 777 demum
1145 743 1273 776 aliunde

68 807 155 829 mors
179 797 301 830 homini
329 798 501 837 acciderit;
532 805 627 842 atque
648 798 789 841 objectio
814 798 979 842 multiplici
999 798 1202 842 responsione
1217 797 1268 829 di-

70 850 183 882 luitur.
1320 852 1381 894 298

25 903 137 935 Cnur
151 904 253 936 vni.
273 904 448 938 Solvuntur
465 907 656 949 quaestiones
672 906 710 939 de
730 907 927 950 praescienua
946 906 1005 938 Dei
1019 906 1102 938 circa
1118 905 1271 948 praevari-

67 957 226 989 cationem
242 958 338 995 Adae,
355 964 387 992 et
402 960 587 1002 opinionem
601 960 678 992 boni
699 966 730 992 et
747 961 819 992 mali
837 960 982 992 humanis
1011 959 1170 992 mentibus
1183 959 1272 991 divi-

0 1052 1 1055 Ἴ
69 1010 156 1043 nitus
172 1013 374 1055 impressam.
792 1049 795 1051 ,
1089 1007 1091 1010 ⁴
1315 1014 1376 1046 300

28 1063 139 1097 Carus
154 1066 217 1099 IX.
237 1067 289 1099 An
305 1067 448 1100 decuerit
465 1078 481 1100 a
498 1069 568 1100 Deo
582 1074 776 1111 pracceptum
790 1067 912 1100 homini
928 1067 968 1099 de
979 1067 1052 1098 cibo
1064 1066 1131 1098 dari
1144 1078 1152 1103 ;
1167 1072 1198 1099 et
1213 1077 1270 1099 cur

71 1117 104 1149 in
131 1121 340 1162 proponenda
363 1132 456 1163 poena
483 1132 546 1152 non
573 1122 693 1153 dictum
715 1121 812 1153 fuerit
828 1132 835 1152 ι
852 1120 1056 1158 Mor-lamini,
1075 1120 1151 1160 sed,
1167 1126 1273 1153 morte

72 1173 252 1204 moriemini
265 1174 279 1203 ?
1320 1175 1380 1208 505

32 1226 140 1258 Carur
166 1226 212 1258 X.
246 1226 312 1259 Cur
348 1226 509 1259 hominem
539 1227 626 1258 Deus
652 1237 716 1258 non
751 1227 938 1270 approbarit
966 1227 1027 1260 nisi
1054 1232 1124 1270 post
1156 1227 1272 1260 factam

69 1279 256 1319 mulierem3
284 1285 316 1313 et
340 1280 373 1312 id
400 1281 539 1312 maxime
559 1280 646 1323 quod
663 1291 721 1322 per
744 1280 825 1313 hane
841 1281 893 1313 ille
909 1281 1059 1323 deceptus
1075 1281 1276 1323 peccaverit;

71 1332 213 1376 itemque
227 1344 284 1365 cur
297 1333 406 1366 eadem
428 1344 491 1366 non
508 1333 548 1366 de
564 1338 663 1374 terra,
680 1339 716 1366 ut
731 1334 847 1373 Adam,
864 1334 920 1366 sed
934 1334 974 1367 de
987 1338 1071 1367 costa
1084 1333 1151 1376 ejus
1163 1339 1270 1367 creata

70 1387 110 1419 sit
125 1391 138 1418 Ξ·
298 1409 301 1411 »
1317 1389 1380 1431 309

25 1441 132 1473 Cipum
146 1441 212 1473 xl.
232 1440 402 1482 Quomodo
418 1441 566 1474 animalia
584 1441 720 1474 adducta
738 1441 855 1473 fuerint
869 1441 909 1473 ad
925 1440 1032 1473 Adam
1050 1451 1059 1472 e
1077 1440 1155 1484 quid
1168 1451 1265 1484 sopor

68 1495 210 1537 ejusdem
231 1502 264 1529 et
288 1501 382 1529 costae
400 1495 571 1528 aedificatio
585 1506 643 1527 nos
655 1496 787 1534 doceat;
806 1495 882 1538 quid
896 1495 992 1527 etiam
1006 1500 1180 1527 memorata
1195 1496 1270 1527 ani-

67 1549 161 1582 malia
184 1550 217 1582 in
240 1550 419 1593 paradisum
437 1549 572 1596 adducta
596 1548 774 1592 significent
789 1560 798 1586 ;
813 1554 844 1582 et
858 1558 921 1592 quo
934 1553 1026 1591 pacto
1036 1548 1113 1590 justi
1129 1548 1163 1580 in
1176 1558 1271 1591 para·

67 1603 169 1636 disum
186 1604 351 1647 rapiantur
366 1604 380 1634 ‘t'
1320 1603 1381 1635 312

25 1658 137 1690 Cnur
160 1658 243 1689 XII.
275 1655 440 1698 Serpentis
466 1655 566 1698 qualis
590 1655 685 1688 suerit
713 1654 889 1698 sapientia;
916 1655 1076 1698 quomodo
1102 1655 1267 1688 mulierem

68 1720 228 1752 aggressus
248 1709 310 1748 sit;
339 1708 480 1752 qualisve
510 1709 605 1750 hujus
629 1708 808 1751 responsio,
834 1718 930 1751 quam
950 1709 1044 1750 longa
1060 1707 1211 1751 digressio
1226 1709 1267 1741 de

69 1763 206 1806 quadam
221 1762 304 1796 circa
323 1772 391 1795 eam
406 1772 474 1794 rem
488 1761 691 1793 dubitatione
705 1761 924 1804 consequitur.
1316 1762 1379 1793 316

27 1818 135 1849 Carm-
152 1816 255 1848 XIII.
275 1816 445 1859 Quomodo
459 1821 657 1848 tentamenta
674 1815 790 1847 diaboli
807 1815 900 1858 plena
915 1815 979 1849 sint.
991 1816 1146 1849 mendacii
1161 1827 1172 1855 3
1189 1822 1221 1849 et
1235 1816 1275 1849 de

69 1864 258 1912 deceptione
281 1869 435 1906 mulieris,
450 1875 482 1902 et
493 1870 582 1912 lapsu
600 1870 680 1902 Adae
699 1881 707 1901 ε
725 1869 993 1913 quemadmodum
1007 1869 1102 1902 etiam
1117 1879 1272 1912 cognove-

70 1926 136 1957 rint
151 1934 184 1957 se
199 1934 263 1956 esse
278 1923 395 1963 nudOS,
411 1932 443 1956 et
458 1922 666 1956 succinctoria
681 1923 740 1956 sibi
758 1923 904 1960 fecerint.
921 1922 1039 1966 quidve
1051 1933 1110 1966 per
1121 1922 1277 1965 easigni-

69 1983 168 2010 cetur.
1317 1977 1380 2008 325

28 2032 137 2062 Cnor
162 2030 255 2063 XIV.
275 2031 324 2062 De
343 2040 421 2062 voce
436 2029 567 2062 Domini
594 2029 826 2062 deambulantis
841 2029 881 2062 ad
892 2040 1064 2072 vesperam,
1078 2035 1110 2062 et
1128 2030 1277 2073 increpa-

72 2086 159 2118 tione
177 2085 281 2117 Adam
293 2109 301 2121 ,
323 2085 383 2116 Ubi
398 2091 437 2116 *es
449 2084 465 2115 ?
480 2083 550 2116 Cur
562 2089 715 2126 praeterea
729 2084 849 2127 primus
865 2086 1048 2126 increpatur
1065 2083 1168 2115 Adam
1183 2107 1191 2120 ‚
1209 2094 1281 2115 cum

72 2141 164 2181 prior
179 2139 295 2171 mulier
308 2137 500 2181 gustaverit3
519 2142 550 2170 et
566 2137 605 2171 de
621 2137 763 2170 mulieris
776 2137 988 2175 excusatione,
1002 2147 1037 2170 ac
1053 2136 1210 2179 mysteriis
1224 2146 1283 2179 per

72 2192 128 2224 illa
148 2191 331 2235 designatis.
1324 2190 1387 2232 329

30 2247 139 2277 CAPUT
156 2246 231 2278 XV.
259 2246 430 2278 Peccatum
449 2245 590 2278 mulieris
607 2255 704 2288 quare
720 2244 811 2276 venia
829 2244 981 2286 dignum3
1002 2243 1119 2287 quidve
1133 2254 1190 2287 per
1206 2254 1271 2277 ser-

75 2304 204 2341 pentem
217 2323 224 2336 ,
248 2299 425 2339 foeminam,
443 2309 479 2331 ac
492 2299 596 2331 virum
611 2297 815 2340 significetur.
833 2299 944 2338 Qualis
959 2298 1115 2341 serpentis
1129 2298 1282 2332 condem-

73 2353 179 2391 natio:
197 2358 229 2387 et
244 2353 275 2385 in
293 2353 407 2397 quibus
423 2353 536 2385 Adami
552 2352 820 2385 condemnatione
837 2352 1062 2395 distinguatur.
1322 2351 1384 2382 533
