1747 3260
282 265 370 313 204
820 277 851 304 ε.
890 278 1078 306 ,mmmm

280 354 387 395 Tum
413 353 515 395 illud
536 355 808 411 praeclarum,
835 370 915 411 qua
934 355 1061 412 gratia
1088 356 1233 396 domos
1254 355 1330 397 sibi
1346 356 1435 398 sine
1455 360 1542 400 ullo
1565 361 1635 402 ad-

281 432 371 465 tore
394 432 592 480 tanquam
621 425 718 466 artis
748 426 880 482 perita
906 433 1143 483 componat.
1171 426 1289 483 Legit
1315 427 1425 467 enim
1452 428 1632 471 festucas

283 508 378 542 ore,
403 509 554 550 easque
576 496 665 536 luto
692 495 838 544 illinit,
866 504 912 537 ut
939 496 1226 552 conglutinare
1247 496 1387 552 possit.
1425 496 1508 538 Sed
1535 499 1632 554 quia

282 566 416 606 lutum
433 564 611 622 pedibus
629 580 713 606 non
730 574 866 622 potest
888 566 1049 608 deferre
1062 599 1072 614 ,
1097 566 1380 608 summitatem
1397 583 1633 624 pennarum

283 648 398 690 aquae
415 633 620 682 infundit3
646 643 691 676 ut
712 634 831 676 facile
854 635 916 676 his
935 637 1070 692 pulvis
1094 637 1324 684 adbaereat,
1351 645 1392 678 et
1417 636 1486 678 siat
1509 638 1635 679 limus

283 718 365 759 quo
391 704 588 760 paulatim
620 704 801 746 festucas
829 706 895 746 vel
919 707 1103 747 minutos
1126 708 1316 748 surculos
1340 707 1417 748 sibi
1441 707 1634 765 colligat,

285 779 406 827 atque
450 773 663 814 adhaerere
694 773 817 816 saciat
844 790 853 815 :
888 791 937 816 eo
973 791 1123 832 genere
1152 777 1238 817 nidi
1273 776 1400 817 totins
1432 776 1636 818 fabricam

284 842 433 890 struit3
464 851 510 884 ut
530 844 646 900 quasi
668 845 895 901 pavimenti
921 847 1007 887 solo
1035 846 1138 903 pulli
1165 845 1254 901 ejus
1281 846 1387 887 intra
1410 847 1519 887 aedes
1543 861 1639 888 suas

285 911 371 953 sine
388 911 617 955 offensione
634 923 867 964 versentur,
889 931 967 957 nec
984 917 1134 973 pedem
1158 916 1304 972 aliquis
1328 915 1545 958 interserat
1561 931 1640 974 per

284 982 454 1024 rimulas
476 992 756 1035 texturarum,
782 995 851 1028 aut
874 987 1026 1028 teneris
1050 987 1178 1044 frigus
1196 987 1362 1044 irrepat.

343 1053 465 1095 LVII.
504 1055 586 1097 Sed
603 1056 683 1098 hoc
703 1057 915 1098 industriae
933 1057 1118 1099 officium
1141 1073 1271 1115 prope
1291 1074 1517 1100 commune
1533 1060 1639 1100 mul-

285 1122 336 1164 tis
366 1125 534 1166 avibus:
560 1126 663 1167 illud
687 1142 784 1168 vero
811 1127 1039 1185 singulare,
1065 1129 1105 1169 in
1125 1144 1206 1185 quo
1228 1137 1289 1171 est
1314 1131 1512 1187 praeclara
1537 1144 1639 1170 cura

286 1193 475 1249 pietatis,
502 1204 543 1236 et
563 1198 780 1252 prudentis
813 1198 1050 1240 intellectus
1093 1208 1133 1240 et
1169 1200 1417 1256 cognitionis
1450 1200 1637 1257 insigne,

287 1271 377 1305 tum
407 1267 596 1320 quaedam
622 1267 796 1309 medicae
820 1268 899 1309 aris
926 1269 1095 1325 peritia3
1126 1271 1238 1325 quod
1261 1269 1292 1310 si
1315 1285 1393 1326 qua
1424 1270 1526 1327 pulli
1548 1270 1643 1325 ejus

283 1331 439 1376 fuerint
481 1336 665 1378 caecitate
707 1337 869 1379 suffossi
908 1341 1052 1379 oeulos
1089 1339 1172 1380 sive
1206 1339 1472 1395 compuncti,
1512 1339 1642 1380 habet

286 1406 497 1459 quoddam
520 1407 715 1448 medendi
733 1423 888 1464 genus,
909 1423 992 1465 quo
1015 1408 1144 1465 possit
1166 1423 1311 1449 eorum
1336 1408 1495 1449 lumina
1517 1407 1643 1449 inter-

288 1483 410 1530 cepto
442 1476 535 1517 usui
563 1476 802 1520 reformare.
848 1478 980 1520 Nemo
1014 1479 1139 1536 igitur
1166 1481 1217 1520 de
1244 1478 1382 1536 inopia
1413 1487 1639 1534 (pier-atur,

287 1547 401 1599 quod
422 1561 580 1593 vacuas,
597 1548 787 1604 pecuniae
809 1549 998 1606 proprias
1025 1551 1134 1590 aedes
1157 1549 1384 1605 reliquerit.
1412 1548 1643 1606 Panperior

288 1623 349 1656 est
373 1616 573 1666 hirundo,
595 1634 686 1675 qua}
708 1635 838 1661 vacua
855 1620 946 1661 :eris
971 1620 1151 1661 abundat
1172 1619 1388 1660 industria.
1417 1618 1640 1667 AEdificat‚

288 1700 366 1727 nec
399 1687 601 1745 impendit
623 1704 632 1730 ε
658 1698 766 1731 tecta
794 1690 942 1732 attollit
958 1723 968 1738 ,
988 1699 1028 1732 et
1051 1690 1154 1731 nihil
1172 1689 1304 1731 aufert
1326 1690 1516 1747 proximo
1531 1706 1542 1736 3
1559 1704 1642 1744 nec

290 1756 513 1814 indigentia
550 1768 592 1801 et
619 1768 865 1818 paupertate
890 1762 942 1802 ad
968 1762 1207 1802 nocendum
1240 1760 1327 1801 aliis
1347 1759 1641 1816 compellitur3

287 1840 364 1867 nec
393 1827 434 1868 in
457 1829 570 1885 gravi
597 1829 777 1872 filiorum
811 1830 1097 1872 imbecillitate
1127 1831 1333 1887 desperat.
1366 1828 1448 1870 lN'os
1478 1842 1577 1869 vero
1599 1835 1643 1868 et

287 1906 511 1955 paupertas
534 1899 680 1949 afficit,
707 1910 749 1943 et
770 1901 920 1958 inopiae
947 1900 1170 1942 necessitas
1193 1908 1333 1946 vexat,
1356 1906 1397 1940 et
1418 1899 1643 1955 plerosque

290 1966 517 2025 indigentia
551 1970 661 2027 cogit
692 1970 732 2012 in
763 1970 990 2028 flagitium,
1023 1969 1198 2026 impellit
1235 1969 1274 2010 in
1309 1969 1481 2009 crimen.
1514 1965 1642 2008 Lucri

289 2053 455 2096 quoque
487 2041 624 2082 studio
657 2040 699 2081 in
725 2041 892 2082 fraudes
926 2055 1140 2082 versamus
1173 2038 1409 2096 ingenium,
1453 2044 1645 2094 aptamus

291 2108 510 2160 affectum,
538 2119 659 2167 atque
691 2112 733 2152 in
762 2110 1011 2168 gravissimis
1033 2109 1294 2167 passionibus
1323 2123 1438 2166 spem
1466 2105 1646 2164 deponi-

289 2194 382 2221 mus
399 2214 409 2230 ,
433 2182 638 2239 fractique
661 2182 799 2224 animo
821 2181 1082 2229 resolvimur,
1108 2180 1330 2237 improvidi
1351 2187 1393 2220 et
1414 2178 1568 2220 inex-tes
1582 2176 1647 2232 'ja-

291 2264 458 2300 cemus3
476 2268 572 2294 cum
591 2254 642 2294 de
659 2253 796 2294 divina
809 2252 1075 2294 miseratione
1087 2259 1187 2293 tunc
1203 2252 1454 2308 sperandum
1468 2248 1648 2305 amplius

294 2321 370 2369 sit,
391 2337 486 2364 cum
510 2323 700 2381 praesidia
721 2323 904 2365 humana
929 2322 1172 2365 defecerint.
