1742 3233
288 254 372 303 264
833 270 863 296 s.
904 270 1091 297 ,1110110511

285 359 362 385 cur
384 359 467 385 non
498 359 620 401 supra
654 360 863 385 summum
892 346 1090 387 verticem
1122 346 1267 402 capitis
1289 345 1400 387 oculi
1424 345 1639 387 constituti

287 421 400 460 sunt,
433 413 537 454 sicut
569 413 729 454 cancris
764 415 826 455 vel
858 414 1076 456 scarabteis
1100 415 1142 455 in
1163 430 1328 456 summo
1353 423 1464 462 sunt,
1488 415 1641 470 quibus

287 482 385 523 licet
411 484 571 523 nullum
598 491 720 540 eaput
745 492 957 541 appareat,
985 486 1090 526 colla
1114 500 1161 525 ae
1185 487 1305 526 dorsa
1328 493 1467 527 tamen
1491 493 1641 526 caetero

290 566 466 608 corpore
486 553 657 593 celsiora
677 561 769 594 sunt
786 553 803 594 Ξ)
821 553 901 595 Sed
919 554 996 595 illis
1016 562 1117 595 testa
1136 555 1285 602 valida,
1306 570 1384 595 nec
1403 562 1485 596 tam
1505 553 1643 594 tenuis

287 622 534 664 membrana
556 622 662 663 sieut
685 623 819 670 nobis,
847 639 936 680 quae
960 624 1079 665 facile
1102 625 1230 681 possit
1253 624 1425 671 offendi,
1451 624 1644 678 ruboque

289 701 332 733 et
355 691 514 733 caeteris
538 693 780 734 interscindi
809 695 1008 736 sentibus.
1047 695 1146 736 Aliis
1170 711 1334 751 quoque
1362 693 1644 736 animantibus

292 761 535 816 hujusmodi
559 762 734 817 species,
758 772 804 804 ut
826 764 981 819 possint
1000 767 1143 806 oculos
1161 774 1229 806 aut
1253 767 1302 806 ad
1322 764 1526 806 cervicem
1550 778 1647 805 con-

291 830 416 876 ferre,
442 838 487 870 ut
510 830 621 886 equi,
647 846 694 871 ac
718 832 859 880 boves,
887 848 933 874 ae
956 836 1263 891 propemodum
1281 850 1425 875 omnes
1445 834 1556 881 serm,
1577 840 1648 873 aut

292 900 345 940 ad
369 900 452 939 alas
474 914 583 946 suas,
609 907 653 940 nt
682 916 774 942 aves
793 917 875 957 quo
894 911 980 944 tuta
1005 903 1143 959 quiete
1166 904 1393 960 potiantur.
1421 902 1549 944 Nobis
1571 916 1649 942 au-

293 977 379 1010 tem
398 969 436 1008 in
455 984 614 1010 summa
635 973 940 1027 propemodum
961 975 1145 1031 eorporis
1158 983 1275 1031 parte
1289 973 1486 1015 constitui
1505 973 1650 1013 oeulos

294 1039 481 1094 oportuit
510 1047 708 1095 tanquam
735 1041 774 1082 in
798 1057 910 1090 arce,
943 1051 982 1084 et
1015 1044 1064 1085 ab
1089 1044 1203 1085 omni
1230 1045 1294 1085 vel
1317 1043 1488 1084 minima
1516 1040 1652 1082 offen⁹

295 1108 411 1149 sione
446 1108 634 1157 defendi,
667 1125 758 1166 quae
795 1113 877 1153 duo
913 1113 991 1154 sihi
1022 1114 1347 1171 compugnantia
1384 1113 1646 1153 videbantur.

297 1178 402 1220 Nam
425 1179 454 1218 si
479 1180 518 1219 in
547 1179 695 1220 humili
717 1190 853 1223 essent
876 1192 1045 1240 psopter
1068 1192 1272 1232 tutamen,
1296 1199 1448 1225 munus
1473 1180 1655 1238 impedi-

298 1255 437 1294 returg
473 1248 504 1288 si
532 1248 573 1288 iu
605 1250 776 1298 vertice,
806 1260 995 1307 paterent
1020 1256 1072 1294 ad
1099 1254 1307 1310 injuriam.
1342 1253 1487 1308 Itaque
1517 1266 1569 1291 ne
1589 1250 1654 1290 vel

299 1317 392 1357 usui
417 1318 600 1358 muneris
625 1320 779 1375 aliquid
801 1323 1104 1371 detraheretur,
1131 1326 1193 1364 vel
1217 1323 1372 1379 aliquid
1399 1323 1450 1363 ad
1481 1321 1656 1378 propul-

301 1387 473 1426 sandam
497 1386 690 1443 injuriam
716 1406 798 1430 non
819 1392 1147 1447 prospiceretur,
1174 1409 1222 1434 eo
1241 1393 1320 1434 loci
1340 1393 1482 1433 oculos
1506 1389 1657 1431 eonsti-

303 1456 396 1505 tuit,
442 1458 511 1498 cui
542 1460 762 1514 supercitia
800 1463 979 1519 desuper
1014 1479 1098 1504 non
1136 1465 1356 1505 minimum
1386 1460 1656 1521 protectionis

302 1526 558 1582 impertiant,
593 1529 738 1570 subter
770 1533 887 1572 malae.
913 1533 1217 1588 aliquantulum
1245 1535 1413 1574 elevatae
1436 1531 1549 1572 haud
1570 1529 1658 1571 exi-

303 1612 433 1654 guum
465 1598 709 1640 munitionis
745 1601 998 1659 adjungant,
1033 1603 1275 1645 interiorem
1305 1610 1465 1660 partem
1499 1600 1658 1657 sepiant

304 1681 440 1714 nares,
466 1669 717 1710 exteriorem
740 1686 905 1727 quoque
928 1672 1074 1714 frontis
1098 1676 1388 1729 malarumque
1411 1670 1523 1728 gibbi
1546 1677 1662 1711 extu-

304 1737 479 1778 berent:
505 1746 545 1778 et
572 1738 667 1780 licet
694 1740 848 1782 ossium
872 1756 1072 1799 compage
1095 1758 1282 1784 connexa
1305 1751 1346 1784 et
1367 1749 1527 1797 aequata
1557 1753 1662 1780 con-

304 1805 404 1848 finia
427 1807 742 1850 circumvallare
766 1811 998 1859 videantur,
1020 1812 1127 1853 inter
1148 1813 1238 1854 haec
1256 1811 1382 1853 medii
1404 1818 1497 1851 sunt
1522 1809 1663 1850 oeulo-

303 1891 397 1917 rum
421 1877 543 1918 orbes
558 1910 567 1925 ‚
592 1879 734 1927 ettuti
755 1881 808 1921 ad
831 1883 1084 1930 cavendum,
1111 1891 1153 1924 et
1175 1884 1227 1924 ad
1250 1882 1499 1923 intuendum
1521 1876 1660 1923 liberi,

302 1953 346 1987 et
372 1946 512 1987 decori
536 1948 587 1987 ad
608 1949 798 2004 gratiam,
818 1958 963 2006 utpote
982 1951 1023 1992 in
1042 1952 1225 2008 crystalli
1249 1951 1430 2008 speciem
1454 1948 1664 2003 resulgen·
1685 1984 1688 1986 ,

307 2025 382 2057 tes.
423 2016 469 2057 111
505 2032 683 2072 qnorum
708 2020 847 2060 medio
875 2021 1040 2077 pupillae
1062 2030 1174 2070 sunt,
1208 2037 1299 2078 quae
1320 2019 1488 2062 videndi
1510 2030 1664 2058 munus

309 2094 550 2142 operantur.
574 2086 646 2127 Hae
670 2103 721 2128 ne
743 2103 821 2144 qua
843 2089 1065 2132 incidentis
1083 2092 1245 2147 injuriae
1262 2085 1492 2132 offensione,
1513 2087 1667 2128 laedan-

308 2161 393 2202 tur,
419 2154 510 2210 pilis
532 2155 628 2197 hinc
652 2156 746 2198 inde
770 2161 971 2201 consertis
997 2163 1111 2203 velut
1134 2163 1316 2217 quodam
1343 2161 1450 2202 vallo
1482 2173 1556 2215 per
1582 2156 1667 2198 cir-

310 2223 472 2265 cuitum
505 2225 767 2270 muni-antur.
806 2229 923 2271 Unde
956 2238 1091 2272 tutum
1121 2232 1197 2273 sibi
1233 2231 1430 2273 auxilium
1453 2229 1668 2286 postulans

308 2293 520 2350 Propheta
542 2295 598 2336 ait
619 2311 627 2337 :
645 2297 846 2340 «Custodi
865 2315 948 2349 mo,
967 2301 1162 2351 Domine,
1181 2309 1228 2342 ut
1244 2297 1657 2359 Ρ11Ρ11111ῐ1100111ῧς»

311 2371 359 2404 ut
371 2365 644 2419 protectionis
663 2368 812 2410 divinae
825 2368 943 2411 fieret
955 2371 992 2412 ei
1006 2379 1090 2412 tam
1107 2372 1282 2413 sollicita
1299 2379 1341 2413 et
1355 2378 1440 2412 tuta
1459 2366 1666 2418 custodia,

312 2448 440 2488 quam
463 2435 665 2491 pupillam
688 2439 798 2479 oculi
825 2439 1033 2482 tutissimo
1056 2443 1236 2497 quodam
1261 2449 1418 2483 natura}
1445 2441 1550 2481 vallo
1572 2453 1661 2479 mu-

313 2502 403 2543 nire
421 2503 614 2560 dignatus
641 2515 716 2549 est.
750 2507 884 2550 Simul
907 2509 1016 2566 quiai
1041 2511 1263 2553 nnocentia
1287 2519 1329 2553 et
1353 2509 1567 2567 integritas
1588 2507 1669 2551 levi

356 2599 369 2615 ⁸
391 2591 472 2624 Psat.
491 2603 560 2632 xvx,
576 2594 609 2625 8.

1736 1313 1739 1370 ἰ

1736 1385 1740 1419 ι

1738 1432 1742 1474 t

1738 1479 1742 1531 1

1739 1542 1742 1599 !
