1742 3233
333 319 418 361 502
877 332 906 359 s.
946 331 1134 360 ⁴›imnnosu

331 425 431 454 cum
459 409 665 452 Dominus
695 408 807 451 Deus
834 418 974 452 noster
1010 409 1124 450 bunc
1150 398 1351 463 locupleti
1376 406 1681 450 benedictionis

328 494 412 522 suae
440 481 545 526 dote
576 479 816 528 donaverit3
854 487 902 520 ut
932 479 1021 535 ejus
1053 476 1180 535 gratia
1215 483 1461 533 provocaret
1484 485 1678 527 caeteros,

327 549 533 593 institutio
570 549 797 607 corrigeret
825 565 835 591 τ
870 549 1032 606 Moyses
1069 561 1237 604 quoque
1271 544 1523 587 imitandum
1558 547 1682 588 nobis

327 621 617 678 descripserit3
642 629 690 662 ut
707 621 834 661 corda
856 619 1078 660 hominum
1100 617 1142 658 in
1165 616 1311 658 vitium
1327 616 1531 664 labentia,
1556 615 1682 672 hujus
1702 638 1704 640 >

323 690 401 732 viri
428 690 620 731 contuitu
635 722 646 737 ,
668 690 782 730 velut
797 703 823 733 e,
842 689 1026 744 quodam
1046 695 1214 731 terreno
1238 686 1361 727 busto
1385 685 1679 735 resuscitaret,

323 776 410 803 non
430 759 765 817 perfunctorium
782 759 909 800 debet
929 759 1060 811 videri
1074 792 1084 807 ,
1111 758 1143 799 si
1167 772 1242 798 nos
1265 771 1435 813 quoque
1457 758 1672 814 scrupulo-

325 831 409 872 sius
450 829 640 886 ejusdem
673 828 747 870 viri
795 842 1013 887 versemus«
1038 827 1219 884 vestigia.
1264 826 1369 869 Nam
1406 826 1437 867 si
1479 826 1682 883 sapicntes

322 899 451 957 hujus
473 899 645 947 mundi,
671 906 716 939 ut
737 898 853 940 Plato
872 898 958 955 ipse
984 897 1179 954 princeps
1200 895 1573 953 philosophorum,
1599 911 1682 937 non

324 984 467 1011 veram
486 969 667 1026 aliquam
684 1001 695 1017 ‚
725 968 797 1010 scd
813 967 957 1009 fictam
978 976 1020 1009 et
1038 967 1330 1009 adumbratam
1353 966 1430 1007 sibi
1446 981 1537 1007 eam
1557 981 1682 1022 quam

322 1039 501 1098 legimus
519 1027 697 1084 πὸλιτείαν
712 1039 928 1096 proposuit
940 1028 1292 1095 persequendam⁴
1306 1028 1320 1084 ;Ι
1336 1044 1383 1078 ut
1393 1032 1561 1078 doceret
1580 1052 1684 1093 qua-

323 1110 409 1152 lem
449 1108 758 1166 rempublicam
797 1123 886 1149 esse
918 1115 1166 1164 oporteret:
1192 1115 1314 1163 atque
1354 1106 1409 1148 ita
1447 1121 1573 1162 quam
1605 1122 1682 1148 nec

325 1180 546 1227 audierat,
578 1194 657 1220 nec
679 1179 841 1220 viderat
867 1178 908 1219 in
933 1170 1193 1234 aliquam-be
1217 1176 1537 1218 describendam
1560 1185 1683 1234 puta-

322 1249 407 1296 vit3
440 1256 487 1289 ut
513 1247 566 1297 ii,
585 1247 738 1304 quibus
761 1248 841 1289 hoc
866 1262 1021 1288 munus
1043 1255 1128 1294 cst,
1150 1247 1504 1302 quemadmodum
1521 1261 1684 1303 rempu-

324 1319 481 1361 blicam
504 1325 717 1374 regerent,
743 1316 906 1359 institui
926 1321 1124 1373 possent:
1147 1324 1189 1357 et
1212 1316 1243 1357 si
1271 1316 1568 1373 condiscipulis
1596 1317 1683 1358 Pla-

322 1389 432 1431 tonis
473 1386 714 1445 Xenophon
760 1387 828 1429 ille
878 1386 1118 1428 Socraticus
1173 1385 1282 1427 fictis
1336 1394 1378 1427 et
1425 1386 1514 1443 ipse
1556 1387 1682 1428 rebus

321 1474 547 1518 personam
582 1459 714 1503 voluit
745 1458 976 1500 informare·
1003 1457 1201 1514 sapientis
1229 1456 1271 1497 in
1291 1472 1353 1498 »eo
1386 1456 1520 1511 libro,
1557 1471 1683 1513 quem

323 1536 442 1586 ’Κύρου
462 1532 620 1573 παιδέιαν
639 1528 830 1570 inscribit
842 1545 855 1576 3
879 1536 926 1569 ut
945 1543 996 1570 ex
1016 1527 1162 1574 intimo
1179 1526 1455 1584 philosophiae
1474 1526 1568 1568 sinu
1583 1526 1682 1582 justi

324 1599 432 1657 regis
473 1608 515 1641 et
547 1599 742 1656 sapientis
779 1597 998 1655 discipliua-
1029 1599 1282 1655 procederet
1310 1612 1320 1637 :
1360 1606 1518 1653 quanto
1551 1596 1683 1653 magis

324 1683 402 1710 nos
433 1684 518 1710 non
548 1669 823 1726 compositam
854 1667 1032 1725 figuram
1061 1667 1256 1725 sapientis
1279 1667 1380 1715 viri,
1415 1668 1488 1708 sed
1513 1682 1684 1725 expres-

327 1753 416 1780 sam
450 1739 648 1781 virtutem
665 1771 676 1787 ‚
705 1747 748 1780 et
775 1738 914 1780 divino
942 1737 1172 1785 institutam
1195 1736 1433 1794 magisterio
1454 1751 1682 1778 recensere

327 1809 552 1858 intentius,
584 1818 627 1852 et
645 1809 731 1851 vias
756 1808 847 1866 ejus
884 1809 1087 1851 debemus
1118 1807 1332 1865 persequi,
1363 1821 1492 1863 quem
1521 1806 1681 1863 Moyses

330 1879 385 1921 ita
413 1880 657 1937 descripsit,
688 1888 736 1922 ut
757 1888 870 1922 retro
890 1881 1074 1936 quodam
1100 1879 1228 1921 modo
1248 1894 1294 1921 se
1314 1878 1402 1935 ipse
1428 1875 1681 1934 respiceret?

377 1984 386 1997 ¹
409 1974 500 2007 Plato
511 1974 569 2007 lib.
587 1986 630 2007 iv.
649 1975 688 2007 de
703 1974 830 2017 Repub.
