1742 3233
6 2379 10 2402 ί

409 341 461 370 m:
497 339 593 370 cun·
627 340 679 371 ET
717 335 832 371 Anu,
870 340 948 370 Lm.
988 341 1032 370 11.
1307 331 1389 381 401

48 499 290 515 mvhfflmvvs
296 500 908 516 “xvv-mmmmvvsnssmusm
915 499 1384 516 mummassmvvtm

571 631 748 676 CAPUT
778 631 865 676 VII.

47 798 207 849 Deum,
235 797 377 854 quiin
395 798 572 840 Adamo
603 796 748 842 docuit
771 813 859 841 non
875 801 1171 857 peeceandum
1188 802 1238 843 in
1262 802 1321 845 Ca
1331 809 1402 846 ino

106 870 298 912 docuisse
326 886 414 912 non
449 869 775 925 defendendum
805 882 1044 928 peecatum.
1086 872 1140 914 Ει
1169 874 1232 915 ibi
1259 891 1394 930 quam

101 940 297 998 proclive
317 942 374 982 sit
391 940 444 982 ab
468 941 689 998 impietate
707 941 754 981 in
771 942 864 983 αίία
885 943 1044 985 scelera
1057 944 1349 1000 praecipitari.

109 1100 264 1142 XXIV.
305 1101 387 1143 SED
415 1102 509 1157 quia
537 1101 640 1142 Cain
662 1101 850 1142 confudit
877 1101 989 1144 hunc
1008 1103 1223 1152 ordinem,
1250 1105 1403 1147 dicitur

51 1171 87 1212 ei
108 1187 116 1213 :
144 1190 158 1209 «
175 1172 359 1213 Peccasti
374 1205 383 1220 ,
408 1171 617 1228 quiesce¹.
641 1190 657 1210 »
679 1171 832 1213 Omnia
852 1173 973 1214 docet
990 1173 1114 1215 Deus.
1140 1174 1327 1216 Primum
1351 1191 1403 1217 ne

49 1257 219 1299 pecces,
244 1251 289 1284 ut
313 1243 354 1284 in
374 1243 510 1284 Adam
534 1242 697 1283 monuit
718 1258 726 1282 :
751 1244 935 1284 secundo
956 1242 988 1284 si
1006 1245 1246 1301 peccaveris
1269 1246 1386 1302 quies

49 1328 140 1362 cas,
179 1321 226 1354 ut
257 1313 299 1354 in
331 1313 433 1354 Ca'in
466 1312 645 1354 doceris.
680 1313 940 1354 Erubescere
971 1314 1083 1355 enim
1111 1315 1340 1364 debemus,
1364 1324 1406 1358 et

48 1385 329 1424 condemnare
352 1390 598 1440 peccatum,
622 1398 707 1424 non
730 1384 980 1432 defendere3
1007 1385 1205 1441 quoniam
1242 1387 1404 1442 pudore

42 1455 163 1510 eulpa
178 1453 395 1502 minuitur,
416 1453 653 1495 defensione
670 1455 940 1496 cumulaturi.
965 1455 1016 1497 Et
1038 1455 1199 1497 silendo
1224 1456 1404 1514 corrigi-

50 1539 159 1571 mur,
181 1524 449 1565 contentione
472 1524 743 1587 prolabimur.
777 1524 839 1566 Sit
862 1526 1008 1566 saltem
1029 1527 1280 1568 verecundia
1296 1559 1306 1575 ,
1331 1528 1404 1569 uhi

51 1609 131 1635 non
156 1603 218 1636 est.
244 1594 461 1636 absolutio.
496 1594 599 1635 Inde
624 1594 727 1635 illud
749 1609 757 1634 :
784 1613 798 1631 «
815 1594 960 1637 Justus
983 1595 1025 1635 in
1049 1596 1219 1637 exordio
1244 1612 1394 1638 sermo-

49 1665 137 1706 unis
165 1673 382 1706 accusator
406 1673 467 1706 est
489 1664 550 1705 sui
570 1664 598 1705 ².
624 1683 638 1702 »
661 1665 712 1705 Et
736 1664 887 1706 iterum
913 1666 964 1706 ab
988 1665 1076 1722 ipso
1100 1667 1281 1708 Domino
1305 1667 1403 1709 alibi

48 1735 205 1777 dictum
228 1736 404 1792 legimus
425 1750 433 1776 :
466 1753 480 1773 «
498 1735 576 1776 Dic
600 1734 840 1790 iniquitates
866 1743 957 1776 tuas
972 1767 981 1783 ,
1008 1744 1053 1777 ut
1070 1735 1352 1791 justificeris³.
1376 1756 1391 1775 »

47 1807 212 1858 Quanta
246 1807 417 1864 pudoris
451 1807 605 1863 gratia,
646 1815 692 1847 ut
722 1806 923 1862 justitiam
955 1815 1095 1848 teneat
1124 1808 1400 1855 verecundia,

44 1893 170 1934 quam
189 1880 320 1935 cuipae
338 1886 476 1919 reatus
495 1877 734 1919 abstulerit!
755 1878 852 1918 Ideo
870 1886 1008 1919 autem
1023 1878 1078 1918 ait
1098 1894 1106 1919 :
1124 1897 1139 1916 «
1158 1879 1358 1929 Quiesce,
1375 1898 1390 1918 n

45 1949 242 2005 quoniam
264 1964 348 1990 non
370 1948 499 1989 habes
522 1949 635 2003 quod
658 1962 845 1988 excuses.
871 1948 1014 2005 Cuipae
1032 1949 1159 2004 ipsius
1178 1950 1229 1990 ad
1245 1957 1286 1991 te
1304 1965 1402 1991 con—

44 2020 176 2061 versio
203 2028 275 2061 est.
305 2019 397 2061 Non
415 2019 527 2060 enim
550 2019 678 2059 frater
700 2019 736 2060 ei
754 2019 979 2067 addicitur,
1005 2022 1076 2061 sed
1093 2035 1210 2061 error
1234 2021 1401 2062 ascribi-

45 2097 127 2138 tur,
163 2090 282 2146 cujus
308 2090 395 2146 ipse
426 2089 504 2129 sibi
534 2096 681 2130 auctor
709 2096 782 2130 est.
820 2090 867 2130 In
891 2097 954 2137 te,
983 2090 1141 2146 inquit,
1173 2091 1399 2132 revertitur

0 2195 1 2200 ,
51 2159 224 2207 crimen,
240 2161 352 2216 quod
376 2174 396 2200 a
419 2168 458 2200 te
484 2159 609 2216 coepit
625 2159 653 2200 Δ.
679 2159 771 2201 Non
794 2159 923 2200 habes
948 2160 988 2201 in
1006 2175 1088 2216 quo
1103 2162 1397 2204 necessitatem

49 2230 202 2287 magis,
227 2245 352 2286 quam
373 2237 559 2270 mentem
581 2237 694 2270 tuam
718 2244 876 2286 arguas.
905 2230 948 2270 ln
972 2237 1011 2271 te
1028 2238 1296 2287 retorquetur
1318 2232 1401 2273 im-

2 2335 4 2340 ,
44 2300 229 2356 probitas
252 2308 319 2341 tua
337 2332 346 2347 ,
371 2299 465 2341 «Tu
488 2298 683 2355 princeps
705 2314 747 2340 es
767 2298 916 2341 illius⁵.
941 2318 955 2338 »

101 2371 236 2413 XXV.
274 2372 388 2413 Bene
412 2371 466 2411 ait
488 2386 496 2411 :
521 2371 617 2412 «Tu
645 2370 840 2427 princeps
867 2386 909 2411 es
937 2370 1057 2412 illius.
1081 2389 1096 2409 »
1121 2371 1287 2413 Etenim
1316 2372 1387 2414 im-

3 2433 11 2483 ιΙ
43 2441 171 2496 pietas
191 2449 326 2490 mater
353 2442 542 2496 quaedam
565 2449 627 2482 est
648 2441 924 2488 delictorum‚·
944 2449 984 2482 et
1001 2442 1070 2497 qui
1088 2443 1275 2498 graviora
1294 2445 1397 2500 pec-

4 2494 12 2566 t
45 2509 218 2557 caverit,
238 2509 280 2550 in
298 2518 446 2550 caetera
464 2510 584 2552 facile
599 2510 846 2566 prolabitur.
877 2510 1100 2561 Quomodo
1124 2512 1235 2553 enim
1257 2521 1394 2569 potest

10 2569 13 2587 Ι

90 2637 98 2652 ¹
118 2630 201 2662 Gen.
218 2640 262 2666 iv,
277 2641 306 2673 7.
327 2647 367 2653 --
388 2640 399 2653 2
414 2629 511 2661 Prov.
530 2640 624 2670 xvm,
643 2640 692 2672 17-
707 2647 747 2653 —-
766 2629 980 2666 ³Isa‘i,x1.111,
997 2630 1044 2661 26.
1061 2648 1099 2654 —
1115 2633 1127 2657 ⁴
1148 2630 1230 2663 Gen.
1251 2642 1296 2670 xv,
1312 2643 1394 2673 7.—

46 2685 59 2706 ⁵
77 2683 160 2715 thid.

189 2753 266 2779 mv.
1194 2740 1248 2780 26
