1742 3233
485 247 538 275 DE
572 245 780 275 Annum,
818 246 898 276 Lm.
936 247 964 274 1.
1321 236 1408 288 543

54 327 178 369 nibus
201 326 284 367 suis
306 326 472 368 vincula
498 333 634 383 pater:
660 339 713 367 ne
734 323 986 382 refugiendo
1005 324 1115 368 filius
1152 334 1194 370 et
1226 327 1266 370 vi
1300 328 1408 386 ignis

55 396 213 438 excitus
235 404 457 453 peccatum
475 396 718 437 incurreret.

113 465 269 509 LXXV
275 467 308 507 Ι.
357 466 440 507 «Et
478 465 582 517 dixit
609 463 820 522 Angelus:
845 462 1075 515 Abraham,
1108 465 1361 510 Abraham1.
1381 486 1399 509 η

55 535 207 578 Tenuit
233 535 416 591 quodam
447 536 572 576 modo
598 548 769 576 manum
800 533 891 590 ejus
929 534 1067 576 divina
1094 551 1188 585 vox,
1212 545 1254 580 et
1275 538 1408 580 ictum

56 603 255 646 vibrantis
278 603 498 660 occupavit
520 605 710 645 dexterae.
751 603 838 646 Nec
872 605 1001 646 semel
1032 606 1309 661 vocavitque
1339 615 1412 649 aut

55 675 179 731 plene
200 688 282 714 non
306 673 485 721 audiret,
520 681 591 714 aut
612 672 829 714 fortuitam
853 688 1000 715 vocem
1021 683 1199 731 putaret.
1243 675 1313 717 Sic
1339 690 1409 717 re·-

0 797 1 804 Ὶ
56 743 233 792 vocavit,
258 743 615 799 quemadmodum
643 742 872 799 imperavit.
900 743 1109 800 Repetivit
1131 759 1296 793 vocem,
1317 753 1411 786 tan-

59 827 184 869 quam
217 813 372 853 veritus
401 828 453 853 ne
489 812 788 869 praeveniretur
824 812 960 853 studio
996 814 1241 863 devotionis,
1265 823 1306 856 et
1327 830 1410 857 una

0 922 1 932 ,
57 898 138 925 vox
158 882 361 940 impetum
383 882 567 924 ferientis
591 897 787 923 revocare
809 897 894 923 non
916 891 1068 939 posset.
1089 884 1206 926 «Non
1229 885 1407 941 injicias,

0 971 2 1008 3
59 971 75 992 )›
89 952 238 1008 inquit,
273 966 446 993 manum
475 952 516 992 in
537 968 732 1009 puerum,
764 968 900 1008 neque
923 952 1070 994 feceris
1091 953 1128 994 ei
1151 954 1408 1010 quidquamg

0 1012 1 1015 Ἴ
59 1041 74 1063 ))
89 1038 200 1064 nunc
224 1021 336 1078 enim
361 1022 536 1079 cognovi
559 1022 653 1078 quia
681 1022 824 1062 timeas
846 1022 983 1063 Deum
1006 1030 1143 1070 tuum,
1168 1031 1209 1064 et
1229 1039 1315 1065 non
1338 1039 1413 1081 pe·-

61 1093 258 1151 »pereisti
290 1091 374 1133 filio
402 1101 474 1133 tuo
506 1091 774 1133 dilectissimo
798 1099 970 1148 propter
990 1092 1099 1134 me².
1123 1110 1138 1130 »
1153 1093 1241 1134 Hoc
1265 1102 1327 1134 est
1348 1093 1416 1135 di-

63 1178 156 1204 cere
177 1178 185 1203 ε
211 1161 419 1204 Affectun]
443 1170 560 1202 tuum
580 1160 787 1216 inquisivi,
808 1176 892 1201 non
913 1160 1070 1202 factum
1089 1162 1216 1218 exegi.
1240 1152 1414 1204 Tent‘avi

62 1240 247 1274 mentem
286 1240 422 1279 tuam,
463 1230 495 1272 si
525 1231 650 1273 etiam
681 1229 765 1271 filio
804 1230 1072 1272 dilectissimo
1105 1247 1189 1273 nou
1220 1247 1416 1289 parceres

62 1310 234 1361 propter
263 1317 341 1343 me.
380 1301 471 1343 Non
506 1300 647 1342 ansero
671 1301 785 1356 qnod
807 1301 957 1342 donavi
983 1301 1085 1358 ipse,
1109 1317 1187 1343 nec
1205 1303 1416 1344 haeredem

64 1372 244 1420 invideo,
280 1387 404 1428 quen]
431 1371 601 1428 largitus
631 1386 723 1412 sum
759 1386 844 1411 non
870 1371 1055 1414 habenti.
1084 1371 1171 1413 ‘Nec
1195 1372 1323 1414 otiose
1346 1372 1417 1414 hic

66 1456 231 1498 quoque
257 1441 294 1481 ei
319 1440 634 1482 dilectissimum
667 1439 799 1481 filium
821 1440 939 1488 dixit,
962 1449 1008 1482 ut
1030 1441 1133 1481 illud
1154 1443 1268 1497 quod
1293 1456 1419 1498 supra

68 1511 183 1560 dixit,
200 1528 215 1548 «
234 1509 371 1561 Quem
397 1510 590 1557 dilexisti,
609 1528 624 1548 »
639 1510 694 1551 ita
718 1510 878 1551 dietum
902 1510 1155 1558 ostenderet,
1179 1525 1231 1551 ne
1247 1512 1424 1552 {estima-

67 1595 132 1621 res
153 1581 267 1635 quod
288 1579 374 1635 jam
398 1579 568 1636 diligere
587 1579 786 1620 desiisset.

127 1647 339 1691 LXXVII.
388 1649 468 1690 «Et
491 1649 716 1705 respiciens
739 1649 953 1692 Abraham
972 1650 1090 1699 vidit,
1123 1659 1165 1692 et
1196 1665 1295 1692 ecce
1319 1651 1426 1693 aries

69 1739 84 1760 »
100 1735 204 1761 nnus
227 1720 388 1761 haerens
410 1719 452 1760 in
472 1719 694 1777 virgult0³.
719 1740 732 1758 ι»
756 1721 849 1772 Qua
872 1721 1034 1762 ratione
1057 1721 1259 1763 arietem?
1295 1721 1426 1773 Quasi

69 1798 336 1849 praestantem
360 1790 502 1846 utique
527 1799 676 1831 caetero
700 1790 824 1848 gregi.
853 1791 945 1842 Qua
966 1791 1126 1832 ratione
1145 1791 1426 1848 suspensum?

74 1861 128 1903 [t
144 1862 378 1902 adverteres
395 1859 576 1900 hostiam
599 1859 712 1901 illam
733 1875 818 1901 non
841 1876 930 1902 esse
949 1869 1168 1903 terrenam.
1191 1862 1285 1912 Qua
1304 1876 1429 1903 causa

76 1931 272 1973 cornibus
295 1945 558 1988 suspensum,
585 1930 662 1972 nisi
686 1932 798 1987 quod
816 1946 986 1973 earnem
1004 1947 1122 1973 suam
1139 1932 1290 1974 virtute
1310 1920 1430 1990 supe-

76 1999 186 2042 riore
219 2016 240 2042 a
271 2001 390 2042 terris
421 2000 610 2043 levaret?
644 2001 764 2043 Jusla
792 2003 905 2058 quod
928 2003 1132 2060 scriptu-m
1163 2012 1245 2046 est:
1264 2021 1279 2042 «
1299 2003 1431 2060 Cujus

76 2072 363 2129 »principatus
385 2087 508 2129 super
529 2072 728 2113 humeros
749 2071 878 2128 ejusss.
894 2091 909 2111 „
925 2073 1029 2124 Quis
1053 2073 1194 2129 utique
1219 2071 1432 2130 significa-

79 2149 162 2191 tur,
187 2141 262 2182 nisi
287 2142 355 2183 ille
379 2141 533 2198 denque
554 2142 758 2199 scriptum
778 2149 840 2183 est
862 2157 870 2183 :
889 2159 903 2179 «
918 2142 1124 2184 Exaltavit
1140 2159 1271 2184 cornu
1288 2142 1435 2199 populi

81 2204 174 2253 ›ssui
186 2211 197 2232 ⁵
215 2211 256 2253 P»
273 2212 414 2272 Cornu
426 2221 614 2253 nostrum
628 2212 818 2254 Christus
831 2220 908 2261 est,
924 2206 995 2268 (ἶυί
1008 2213 1199 2269 praestitit
1217 2213 1430 2262 omnibus,

84 2282 190 2324 sicut
219 2283 396 2340 legimus
414 2299 422 2324 :
441 2302 456 2321 «
478 2281 699 2340 Speciosus
732 2283 864 2324 forma
886 2298 973 2340 prm
999 2282 1093 2324 filiis
1122 2281 1382 2339 hominum⁶.
1405 2299 1424 2322 »

85 2351 206 2394 Solus
237 2355 419 2394 elevatus
449 2361 490 2394 et
521 2355 722 2395 exultatus
746 2369 765 2394 a
790 2353 925 2401 terris,
960 2354 1315 2409 quemadmodum
1351 2352 1439 2410 ipse

85 2436 161 2464 nos
184 2425 328 2471 docet,
357 2439 452 2465 cum
477 2424 662 2485 quuitur
682 2439 690 2466 ε
709 2442 723 2463 α
741 2424 828 2481 Ego
852 2439 936 2465 non
958 2439 1050 2465 sum
1075 2423 1126 2465 de
1152 2423 1234 2467 hoc
1256 2424 1450 2472 mundo,-

135 2541 144 2555 ¹
165 2533 248 2564 Gen.
269 2544 416 2571 xxn,11.
435 2552 474 2558 -
491 2544 503 2558 ²
524 2535 610 2566 ibid.
634 2547 683 2568 12.
697 2554 736 2560 —
754 2536 767 2558 3
787 2534 874 2567 Ibid.
899 2536 947 2567 15.
967 2553 1007 2559 -
1026 2535 1197 2576 ⁴Isa'1'.1x‚
1216 2536 1246 2568 6.
1265 2554 1306 2560 ——
1326 2538 1338 2559 5
1356 2518 1440 2569 Psal.

90 2597 225 2628 cxnvm,
244 2587 290 2627 14.
311 2590 374 2613 -5
393 2588 446 2621 Id.
471 2599 559 2628 μιν,
577 2589 609 2622 5.
