1742 3233
324 335 375 363 m:
409 334 487 363 Nor:
521 334 572 362 ET
606 332 725 361 Anca.
764 332 883 360 maiza
917 332 1029 360 υΝυε.
1272 324 1359 378 4ι9

11 417 66 459 cle
88 423 195 457 terra
215 413 448 456 secundum
470 411 677 469 poeticam
696 410 883 452 fabulam
901 411 1007 459 orti,
1036 411 1150 454 mole
1178 414 1366 470 corporis

12 486 76 529 sui
97 485 221 532 freti,
249 475 441 524 feruntur
467 481 662 523 habuisse
691 488 980 536 contemptum
1006 496 1267 537 superorum.
1301 482 1366 525 An

12 556 198 612 'dispares
227 552 458 594 aestimandi
492 560 588 593 sunt
621 551 692 607 qui
726 565 822 592 cum
854 565 904 591 ex
938 550 1073 592 anima
1103 561 1295 606 constent
1326 563 1367 596 et

15 638 213 682 corpore,
230 621 382 664 mentis
398 621 582 678 vigorem
601 634 683 676 quo
705 619 809 661 nihil
825 618 951 660 habet
969 620 1104 661 anima
1126 622 1364 678 pretiosiuS,

17 701 280 740 aversantur,
305 700 348 733 et
381 705 424 732 se
451 690 586 731 carnis
618 689 743 745 hujus
774 688 1003 730 imitatores
1030 692 1144 732 velut
1169 683 1367 734 maternae

15 763 216 806 exhibent
225 761 458 804 stoliditatis
468 761 655 802 haeredes
666 759 684 800 Ρ
696 761 840 815 Itaque
854 759 895 800 in
908 773 1060 801 vanum
1069 761 1277 810 laborant,
1291 777 1370 804 coe-

16 834 105 875 lum
131 831 236 873 votis
261 839 510 888 usurpantes
532 829 746 887 superbis,
770 837 812 870 et
839 829 1015 871 terrenis
1038 830 1234 886 operibus
1257 831 1373 873 incu-

8 896 186 951 bantes,
216 901 287 958 qui
315 901 520 942 electione
545 900 778 947 inferioris,
807 907 850 941 et
873 907 1117 957 contemptu
1149 901 1373 958 superioris

10 971 242 1019 consortii,
271 979 472 1026 tanquam
503 968 953 1011 voluntariisvobnoxii
985 970 1167 1025 peccatis
1197 972 1375 1027 graviori

19 1042 360 1083 condemnantur
378 1038 610 1081 severitate.
777 1088 780 1090 q

80 1111 156 1153 IX.
193 1111 446 1165 Plerumque
462 1108 643 1165 'Angelos
662 1106 769 1148 filios
788 1107 865 1149 Dei
882 1116 1003 1149 vocat
1026 1107 1238 1165 Scriptura
1255 1111 1376 1167 3quia

24 1194 74 1222 ex
105 1181 220 1221 nullo
244 1178 415 1221 homine
443 1185 696 1234 generantur
724 1176 884 1218 animae.
924 1177 1069 1233 Itaque
1097 1177 1206 1220 viros
1234 1178 1378 1222 fideles

13 1247 131 1290 ‘filios
147 1262 243 1289 suos
264 1247 405 1288 dicere
421 1261 506 1287 non
527 1254 590 1287 est
611 1253 855 1303 aspernatus
876 1246 988 1288 Deus
1001 1246 1031 1288 ¹.
1054 1247 1172 1289 Sicut
1188 1263 1288 1306 ergo
1302 1250 1378 1291 viri

24 1316 254 1375 probabilis
276 1315 370 1358 vitae
390 1314 464 1356 filii
493 1315 570 1357 Dei
592 1323 798 1356 vocantur
813 1314 828 1336 ²
852 1330 861 1356 :
901 1316 956 1357 ita
983 1331 1162 1373 quorum
1198 1320 1379 1361 carnalia

19 1394 123 1430 ,sunt
139 1400 265 1443 opera
281 1418 291 1434 ,
315 1385 391 1426 hos
407 1384 513 1426 filios
536 1384 714 1426 dicimus
731 1385 868 1426 carnis
894 1385 1208 1444 Scripturarum
1233 1398 1382 1432 aucto-

26 1456 160 1500 ritate.
194 1455 305 1497 Dicit
334 1455 446 1496 enim
476 1454 659 1496 Joannes
681 1455 962 1512 evangelista:
995 1473 1010 1494 «
1037 1457 1146 1508 Quia
1175 1467 1382 1516 quotquot

25 1526 283 1569 »Dominum
303 1525 447 1567 Jesum
470 1533 747 1582 receperunt,
770 1526 886 1567 dedit
911 1527 969 1568 eis
1000 1535 1250 1584 potestatem
1274 1530 1381 1573 filios

4 1626 7 1628 -
28 1598 133 1640 „Dei
149 1596 256 1645 fieri,
279 1597 342 1639 his
358 1597 431 1653 qui
449 1597 627 1638 credunt
650 1597 691 1637 in
704 1597 873 1638 nomine
891 1598 997 1654 ejus,
1022 1599 1092 1655 qui
1115 1615 1198 1641 non
1220 1617 1272 1643 ex
1287 1618 1383 1644 san-

29 1685 46 1708 »
58 1667 252 1725 guinibus
268 1699 279 1716 ,
305 1682 441 1723 neque
463 1681 514 1708 ex
529 1667 743 1708 voluntate
762 1667 897 1709 carnis
911 1700 921 1716 ,
939 1683 1077 1724 neque
1097 1685 1149 1711 cx
1168 1672 1383 1715 voluntate

29 1737 150 1785 vviri,
174 1738 247 1779 sed
263 1752 313 1778 ex
328 1737 416 1778 Deo
438 1736 524 1777 nati
543 1744 640 1777 sunt
663 1735 693 1777 ³.
717 1754 732 1775 »
760 1736 860 1778 Ideo
881 1746 1023 1793 postea
1041 1739 1170 1781 hahes
1193 1742 1289 1796 quia
1307 1742 1383 1784 ira—

27 1815 96 1850 tus
121 1807 327 1850 Dominus
361 1815 444 1854 est,
475 1805 672 1861 quoniam
707 1806 896 1861 quamvis
927 1807 1149 1864 cogitaret,
1183 1810 1264 1852 hoc
1295 1821 1379 1861 est,

32 1877 157 1919 sciret
175 1876 272 1933 quia
287 1875 413 1918 homo
431 1875 589 1932 positus
606 1875 647 1915 in
660 1882 781 1916 terrae
798 1875 983 1932 regione,
1005 1892 1175 1919 carnem
1191 1888 1378 1936 portam,

33 1947 119 1989 sine
148 1954 322 2004 peccato
352 1960 441 1987 esse
467 1959 552 1986 non
581 1944 711 2002 possit
746 1944 890 2000 (terra
924 1946 1037 1988 enim
1067 1950 1181 1991 velut
1211 1952 1383 2007 quidam

33 2017 309 2060 tentationum
324 2017 441 2058 locus
458 2022 540 2063 est,
552 2029 734 2071 caroque
750 2017 1201 2072 corruptelaeillecebra
1215 2023 1228 2078 )
1242 2030 1381 2065 tamen

33 2102 129 2135 cum
150 2087 355 2129 haberent
370 2095 556 2128 mentem
578 2085 749 2127 rationis
773 2101 972 2149 capacem
987 2089 1270 2148 virtutemque
1293 2095 1382 2137 ani-

33 2173 110 2201 mae
130 2157 309 2200 infusam
326 2157 491 2214 corpori
510 2189 520 2204 ,
547 2155 634 2197 sine
657 2156 991 2198 consideratione
1007 2158 1143 2215 aliqua
1162 2161 1203 2202 in
1220 2163 1383 2220 lapsum

34 2239 223 2279 ruerunt,
247 2245 298 2272 ex
313 2243 395 2285 quo
417 2241 614 2269 revocare
631 2241 673 2267 sc
695 2226 865 2267 nollent.
894 2226 1038 2283 Neque
1056 2230 1168 2271 enim
1186 2231 1296 2275 Deus
1315 2250 1383 2277 co·
1419 2283 1421 2285 ,

36 2301 134 2359 gitat
159 2301 266 2342 sicut
292 2297 496 2345 homines,
517 2303 564 2337 ut
586 2295 721 2351 aliqua
749 2296 786 2336 ei
804 2311 909 2337 nova
932 2300 1130 2340 succedat
1153 2305 1354 2346 sententia
1368 2323 1380 2354 ;

35 2387 169 2429 neque
189 2371 381 2413 irascitur
403 2367 520 2424 quasi
542 2365 753 2407 mutabilis
771 2380 778 2406 :
800 2367 873 2407 sed
889 2366 981 2407 ideo
999 2367 1088 2409 haec
1104 2371 1316 2427 leguntur,
1336 2386 1383 2419 ut

36 2441 288 2499 exprimatur
303 2446 573 2496 peccatorum
589 2443 829 2484 nostrorum
844 2436 1064 2485 acerbitas,
1085 2453 1175 2494 quae
1199 2442 1382 2487 divinam

0 2505 1 2508 Ἴ
36 2510 234 2554 meruerit
259 2508 490 2555 offensam3
523 2514 721 2561 tanquam
744 2519 792 2546 eo
821 2520 953 2560 usque
981 2506 1201 2550 increverit
1232 2515 1379 2571 culpa,

36 2589 82 2624 ut
104 2582 228 2624 etiam
253 2580 364 2624 Deus
379 2612 389 2628 ,
415 2577 485 2634 qui
511 2574 754 2618 naturaliter
779 2589 863 2617 non
885 2584 1079 2618 movetur
1103 2588 1175 2622 aut
1199 2580 1283 2632 ira,
1310 2594 1381 2628 aut

83 2679 92 2694 ¹
113 2670 187 2705 Job.
203 2681 228 2709 1,
245 2670 278 2703 6.
295 2688 337 2696 -
352 2679 365 2694 2
382 2667 463 2702 Psal.
482 2677 588 2705 mxxxi,
602 2667 635 2700 6.
649 2684 689 2691 -
706 2667 719 2690 ³
738 2665 831 2698 Joan.
848 2676 870 2703 1,
892 2676 941 2704 12,
963 2666 1013 2697 13.

1163 2739 1230 2783 27.
