1747 3260
308 299 388 326 122
848 299 878 326 S.
918 300 1106 327 Ammosn

302 375 650 434 asperitatemque
694 375 934 419 interiore-m
983 386 1247 435 temperent,
1301 383 1658 437 quemadmodum

301 461 443 487 rursus
464 445 690 487 humorum
711 462 852 504 aspera
877 463 1101 505 pomorum
1123 449 1317 491 dulcibus
1343 453 1660 509 temperentur?

300 515 491 571 Denique
524 530 572 556 ea
591 515 800 558 medicina
837 517 1059 574 antiquior,
1085 533 1176 575 quae
1205 518 1346 561 herbis
1386 536 1533 563 curare
1557 538 1660 564 con-

301 585 434 626 suevit
453 593 495 626 et
516 585 676 633 succis;
694 601 771 627 nec
796 588 879 628 ulla
902 586 1063 629 firmior
1093 588 1264 637 sanitas,
1288 605 1416 646 quam
1439 607 1532 648 quae
1555 590 1668 634 salu-7

301 654 446 696 bribus
482 656 732 697 reformatur
774 656 994 699 alimentis.
1038 659 1157 699 [nde
1190 661 1424 702 secundum
1462 669 1660 703 naturam

304 724 523 773 docemur,
552 725 756 780 quiasola
777 726 896 767 nobis
922 743 1015 769 esca
1048 728 1256 770 medicina
1273 738 1348 772 est.
1373 731 1524 772 Hel-bis
1545 740 1661 773 certe

302 793 442 834 ulcera
475 803 617 850 aperta
641 796 910 844 clauduntur,
934 797 1076 838 herbis
1110 806 1312 839 curantur
1334 799 1507 841 interna.
1539 800 1663 841 Ideo-

304 876 384 918 que
420 863 681 906 mcdicorum
713 874 774 907 est
812 882 914 923 opus
947 867 1175 909 herbarum
1207 878 1434 926 potestates
1463 885 1653 912 noscere.

301 932 408 975 Hinc
427 934 539 976 enim
557 936 755 978 medendi
781 953 877 978 usus
894 937 1074 980 inolevit.

304 1108 487 1120 =¹====sx¹=m
493 1110 855 1122 :summasunmna-§xxm
861 1110 920 1122 mm
938 1112 976 1121 αἱ
985 1112 1103 1122 §1¹5xe
1110 1112 1286 1123 mxssun
1295 1112 1539 1123 tms====u==s
1545 1113 1599 1123 ιιι-ι
1606 1111 1664 1123 κιὶ

822 1239 997 1283 CAPUT
1029 1241 1141 1283 XIV.

310 1400 376 1441 De
397 1399 673 1457 simpliciam
696 1417 929 1456 pomo-rum
959 1402 1244 1461 differentia,
1278 1404 1572 1460 foliorumque
1597 1404 1669 1445 di-

373 1473 581 1512 versitate
610 1486 619 1512 .·
646 1473 720 1513 ubi
744 1475 965 1530 proecipue
992 1474 1042 1514 de
1061 1475 1296 1531 pampino,
1330 1485 1368 1516 et
1397 1474 1503 1530 fusto
1527 1474 1664 1531 ficum

369 1542 503 1595 deque
523 1541 664 1583 variis
684 1542 876 1585 aliorum
898 1544 1106 1600 foliorum
1130 1543 1302 1603 figur-is.

368 1687 511 1732 LVIII.
551 1691 632 1733 SED
658 1699 704 1732 ut
736 1693 788 1734 ad
813 1693 1017 1750 simplicia
1050 1708 1174 1750 poma
1212 1707 1457 1735 revocemus
1486 1695 1665 1750 stylum,

314 1757 390 1800 alia
413 1768 509 1801 suut
530 1776 621 1817 quae
642 1771 883 1818 coquuntur
909 1765 1019 1812 sole,
1048 1763 1124 1804 alia
1151 1778 1243 1819 quae
1273 1763 1386 1805 testis
1414 1771 1484 1804 aut
1502 1762 1669 1804 cortici-

313 1826 392 1869 bus
415 1831 554 1872 clausa
576 1834 853 1889 complentur.
875 1833 980 1874 Mala
1003 1840 1043 1874 ct
1065 1849 1187 1890 pyra,
1212 1848 1387 1874 marum
1411 1848 1578 1889 quoque
1600 1848 1672 1890 ge-

314 1912 412 1939 nera
432 1900 571 1942 onmia
588 1903 697 1942 nuda
716 1902 880 1959 objecta
899 1911 995 1944 suut
1014 1903 1090 1943 soli
1111 1918 1119 1943 :
1143 1903 1261 1944 nucis
1280 1910 1419 1944 autcm
1433 1911 1473 1944 et
1490 1904 1667 1952 nucleae,

313 1969 454 2010 nuclei
476 1985 641 2028 quoque
671 1971 833 2014 fructus
866 1981 909 2014 et
936 1980 1039 2014 testa
1062 1981 1301 2033 opertus⁴et
1335 1973 1518 2020 cortice,
1545 1972 1670 2019 alitur

316 2045 458 2080 tamen
488 2049 529 2082 et
550 2041 636 2098 ipsc
660 2044 798 2084 calore
820 2043 916 2084 solis
939 2051 1061 2099 atque
1086 2043 1297 2091 nutritum
1323 2050 1364 2084 et
1385 2050 1590 2098 quantum
1610 2040 1671 2098 pi-

315 2123 403 2150 neae
436 2112 639 2154 densitate
674 2115 850 2155 nucleus
889 2113 1176 2162 absconditur,
1211 2120 1377 2155 tantum
1408 2112 1503 2154 solis
1533 2113 1672 2153 calore

315 2179 511 2223 nutritur.
1309 2225 1311 2227 ,

371 2249 480 2293 LIX.
521 2251 689 2303 Quanta
713 2253 863 2294 deinde
885 2252 1055 2294 Domini
1077 2251 1339 2310 providentia
1356 2284 1366 2300 ,
1400 2259 1445 2293 ut
1469 2250 1541 2292 ubi
1563 2250 1674 2292 mol-

316 2319 395 2362 lior
434 2320 596 2364 fructus
611 2356 622 2372 ,
667 2323 723 2365 ibi
768 2323 856 2365 folii
895 2320 1128 2365 crassitudo
1166 2322 1341 2364 validius
1379 2316 1673 2378 tegumentum

315 2392 474 2432 tuendo
503 2393 661 2434 deserat
688 2409 815 2451 pomo
831 2426 842 2442 ,
870 2395 982 2450 quod
1006 2394 1194 2435 videmus
1225 2393 1267 2434 in
1293 2391 1438 2434 fructu
1459 2390 1667 2432 ficulnete.

318 2458 570 2504 Delicatiora
599 2463 738 2520 itaque
760 2463 1032 2506 validioribus
1055 2463 1285 2505 munienda
1306 2470 1404 2504 sunt
1419 2494 1430 2510 ,
1458 2467 1566 2503 utet
1585 2461 1675 2518 ipse

319 2543 485 2586 quoque
523 2532 728 2576 Dominus
761 2550 836 2592 per
863 2534 1116 2577 Hieremiam
1147 2534 1292 2582 docet,
1326 2532 1471 2574 dicens
1496 2526 1677 2572 :aSieu't

320 2617 335 2638 »
350 2598 454 2643 ficus
471 2602 568 2644 istas
584 2604 715 2647 bonas
733 2620 1032 2663 recognoscam
1051 2605 1271 2647 translatos
1282 2602 1392 2645 «Iuda
1404 2635 1415 2652 ,
1433 2616 1541 2659 quos
1554 2599 1677 2643 emisi
