1742 3233
480 329 531 356 nr„
571 327 778 356 ABRAnAM.
818 326 896 353 Lm.
936 326 963 352 1.
1319 312 1402 371 517

47 414 240 449 testatem
256 405 451 454 dederat,
472 413 514 447 et
529 413 672 462 postea
693 404 794 446 dicit
817 405 869 445 ad
884 418 982 444 eum
1001 417 1010 444 :
1043 420 1058 442 «
1082 403 1282 460 Injuriam
1302 404 1406 445 acci-

45 494 62 517 »
75 476 144 535 pio
166 492 242 534 ego
267 492 318 518 ex
334 485 397 518 te:
423 491 501 533 ego
527 476 623 518 dedi
642 475 836 517 ancillam
858 489 996 515 meam
1024 474 1066 515 in
1090 474 1228 516 sinum
1254 483 1374 516 tuum
1393 491 1404 522 ;

45 552 64 587 'n
78 547 151 589 ubi
172 555 310 589 autem
333 546 445 587 videt
462 554 715 604 conceptum
736 560 842 593 esse,
859 552 998 601 spreta
1014 559 1107 599 sum
1122 576 1133 592 ,
1155 543 1288 600 inquit
1301 577 1312 593 ,
1339 559 1406 586 00-

47 635 65 657 »
79 631 167 658 ram
184 617 234 658 ab
246 631 316 658 ea:
334 615 495 674 judicet
510 617 623 658 Deus
640 616 749 658 inter
766 622 888 656 meet
911 622 950 655 te
963 613 992 654 ¹.
1012 632 1026 652 »
1051 614 1116 664 Qu
1130 623 1245 655 antus
1266 616 1400 663 dolor,

49 685 174 743 quam
208 686 341 744 gravis
371 687 542 742 querela
575 686 628 728 sit
653 684 919 726 steminaruin
953 683 1132 725 lectione
1168 683 1402 740 exponitur.

47 756 109 798 Da
132 754 413 813 improvidum
436 763 477 796 et
497 757 634 796 levem
655 754 854 796 maritum
871 752 942 810 qui
965 752 1209 809 morigerari
1231 753 1406 802 nesciat,

49 832 91 866 et
114 824 277 866 divortii
303 840 448 866 causas
471 824 653 866 exhibet.
683 823 766 866 Sed
788 823 1002 865 Abraham
1027 823 1087 864 vir
1108 826 1349 865 moderatus
1368 832 1412 865 et

49 894 232 952 prudens
261 909 270 935 ε
315 912 331 932 «
357 894 494 942 Ecce,
528 894 662 950 inquit
681 927 691 942 ‚
721 893 870 935 ancilla
900 902 971 934 tua
1002 892 1042 933 in
1070 893 1264 934 manibus
1293 893 1374 933 tuis
1396 924 1406 941 ,

49 971 197 1006 »utere
220 978 268 1005 ea
291 964 503 1019 quomodo
526 964 602 1004 tihi
619 964 824 1020 placuerit
840 962 869 1004 ².
897 980 912 1001 »
940 961 1084 1003 Maluit
1102 961 1214 1003 enim
1230 977 1405 1002 uxorem

49 1041 209 1083 tenere,
228 1037 354 1090 quam
368 1033 581 1074 famulam.
604 1034 690 1075 Nec
707 1034 789 1074 hoc
807 1041 945 1073 tamen
963 1034 1136 1088 plenum
1154 1032 1403 1073 remedium.

51 1102 227 1161 Accepit
258 1112 508 1161 potestatem
537 1103 641 1144 irata
675 1118 803 1151 uxor,
836 1111 878 1143 et
907 1101 1224 1142 immoderatius
1252 1101 1412 1142 uitione

51 1173 251 1231 permissa
280 1174 428 1215 utitur.
458 1173 584 1224 Quod
606 1173 638 1214 si
662 1172 764 1214 Sara
789 1172 1126 1214 moderationem
1149 1187 1232 1213 non
1258 1171 1410 1225 tonuit,

52 1260 144 1302 qua:
164 1244 349 1286 tenebit?
370 1245 555 1300 Ideoque
573 1243 776 1301 scriptum
793 1251 878 1284 est:
911 1260 926 1280 «
944 1242 996 1283 Et
1012 1241 1155 1282 afflixit
1177 1256 1269 1282 eam
1292 1241 1409 1288 Sara,

52 1321 124 1356 »et
149 1313 255 1371 sugit
285 1329 306 1355 a
334 1313 439 1354 facie
467 1313 557 1369 ejus
582 1312 610 1354 ³.
651 1330 667 1351 »
704 1313 798 1353 Duo
828 1319 925 1353 sunt
957 1327 1048 1367 quae
1084 1310 1410 1367 comprehendit

53 1383 296 1441 Scriptura3
324 1391 371 1424 ut
393 1391 434 1424 et
457 1382 635 1424 dominae
656 1397 825 1440 gravem
847 1381 1180 1438 indignationem
1204 1380 1414 1437 exprime-

55 1460 140 1502 ret,
166 1461 209 1494 et
231 1452 390 1494 ancillae
410 1460 622 1494 tumorem
645 1467 691 1494 ac
718 1451 971 1509 superbiam.
1006 1451 1131 1501 Quod
1155 1451 1300 1491 afflixit
1321 1466 1414 1491 eam

56 1522 172 1571 Sara,
199 1522 251 1564 ad
272 1522 534 1565 iracundiam
557 1522 774 1579 affligentis
799 1522 1001 1563 refertur:
1023 1520 1135 1577 quod
1156 1519 1267 1578 Agar
1289 1520 1414 1577 sugit,

57 1592 355 1634 contumeliam
374 1591 510 1634 servili
531 1592 731 1649 patientia
754 1608 838 1633 non
857 1591 1034 1639 screbat,
1060 1606 1151 1647 quae
1177 1591 1255 1632 sibi
1272 1590 1415 1632 heriiis

57 1662 324 1705 contubernii
348 1662 590 1705 vindicabat
612 1661 823 1719 fastigium
845 1677 854 1702 z
876 1661 1088 1718 indignata
1113 1669 1174 1702 est
1193 1660 1390 1716 injuriam
1404 1691 1414 1707 ,

58 1747 149 1789 quae
181 1732 374 1774 induerat
404 1731 680 1773 insolentiam.
723 1731 914 1786 Denique
953 1729 1227 1785 interroganti
1257 1729 1417 1785 Angelo

59 1818 142 1860 quo
168 1803 266 1852 iret,
286 1802 502 1860 respondit
522 1817 531 1843 ε
569 1819 584 1840 «
607 1801 641 1843 A
663 1801 768 1842 faeie
790 1801 902 1842 Same
926 1799 1105 1841 dominae
1127 1814 1232 1840 mea:
1257 1814 1332 1855 ego
1351 1798 1420 1839 fu-

60 1872 156 1930 »gio
179 1871 208 1914 ⁶.
236 1891 251 1911 »
287 1872 339 1914 Et
359 1873 442 1916 hoc
464 1871 639 1913 tumoris
661 1871 895 1918 immodici,
925 1878 971 1910 ut
995 1869 1109 1926 prius
1132 1883 1287 1909 nomen
1307 1869 1418 1908 Sarte

60 1943 238 1991 diceret,
277 1951 422 1999 postea
455 1941 668 1982 dominam
697 1940 963 1997 significaret.
991 1940 1101 1980 Hiud
1140 1940 1192 1980 ad
1221 1936 1420 1994 injuriam

57 2013 320 2071 praemissum
335 2045 345 2061 ‚
371 2012 452 2053 hoc
477 2013 528 2052 ad
547 2011 859 2068 expressionem
881 2025 1071 2067 personce
1095 2008 1296 2049 additum.
1326 2006 1420 2048 Non

59 2082 217 2140 placuit
239 2082 398 2139 Angelo
421 2080 579 2122 anciliae
600 2080 844 2128 insolentia3
877 2087 918 2120 et
942 2079 1035 2119 ideo
1063 2077 1162 2118 dixit
1186 2075 1269 2117 illi:
1305 2092 1320 2112 «
1337 2074 1422 2116 Re-

61 2172 77 2193 »
90 2162 252 2195 vertere
279 2156 330 2195 ad
353 2152 565 2195 dominam
589 2160 705 2194 tuam
727 2151 756 2193 ⁵.
788 2170 802 2189 n
833 2150 984 2206 [tique
1009 2164 1093 2189 non
1115 2147 1303 2189 latuisset
1329 2144 1420 2186 Ars-

63 2225 217 2280 gelum,
239 2223 325 2265 sivi
346 2221 646 2279 suppliciorum
658 2221 765 2263 victa
786 2220 972 2277 fugisset,
992 2227 1033 2259 ct
1050 2218 1180 2274 magis
1198 2216 1423 2273 reprehen—

63 2293 190 2336 disset
210 2292 466 2335 verberantis
488 2292 708 2339 saevitIam,
731 2306 857 2347 quam
878 2289 1072 2347 fugientis
1092 2287 1418 2330 discessionem:

65 2364 138 2405 sed
173 2371 217 2404 ut
250 2363 493 2405 ostenderet
533 2362 629 2418 quia
666 2370 866 2417 tanquam
907 2358 1086 2415 superba
1119 2357 1305 2414 fugiebat
1322 2387 1333 2403 ‚
1373 2369 1427 2396 ne

65 2434 246 2490 superba
275 2441 383 2475 esset
409 2433 614 2481 dominae,
646 2431 830 2473 addidit:
863 2447 878 2467 «
898 2428 950 2470 Et
973 2427 1146 2470 humilia
1173 2434 1214 2467 te
1243 2425 1318 2466 sub
1343 2438 1428 2464 ma-

65 2519 83 2542 »
97 2501 220 2545 nibus
240 2502 331 2562 ejus
351 2501 382 2546 ⁶.
409 2521 424 2544 »
453 2503 564 2560 Opto
593 2501 718 2559 igitur
736 2509 783 2543 ut
806 2501 886 2542 hoc
910 2498 1056 2540 vitium
1078 2497 1217 2538 nullus
1239 2494 1423 2554 incidat:

116 2620 127 2640 1
148 2610 232 2643 Gen.
264 2621 329 2649 xvt,
352 2612 383 2645 5,
409 2629 447 2637 -
468 2619 481 2634 2
502 2609 588 2643 lbid.
606 2609 639 2642 6.
668 2627 707 2634 —
731 2611 744 2632 ³
765 2607 852 2640 Ibid.
879 2625 919 2632 -
940 2604 1102 2637 ³1bid 8.
1133 2621 1172 2628 -
1199 2605 1210 2625 ⁵
1233 2601 1316 2634 lbid.
1337 2611 1369 2642 9.
1389 2615 1430 2622 -

70 2664 85 2686 6
104 2663 192 2696 lbid.
