1747 3260
336 292 417 335 108
874 308 903 334 s.
945 308 1134 334 numosn

332 384 538 442 germinat
569 393 692 426 terra.
726 385 852 435 Quod
886 385 958 426 tibi
985 393 1105 443 putas
1141 383 1314 432 inutile,
1348 384 1434 425 aliis
1462 385 1563 426 utile
1596 395 1684 436 est3
1726 366 1728 438 ξ

330 454 413 495 imo
447 453 525 511 ipsi
561 453 634 494 tibi
665 453 905 510 frequenter
933 454 1011 495 alio
1045 462 1106 495 est
1138 469 1216 495 usu
1243 454 1357 495 utile.
1391 455 1517 505 Quod
1547 471 1687 497 escam
1726 493 1730 508 ,

329 539 414 565 non
446 523 639 581 adjuvat,
672 524 924 565 medicinam
954 524 1165 581 suggerit:
1192 531 1234 565 et
1262 539 1368 580 saepe
1405 525 1568 573 eadem,
1594 540 1685 581 quae
1726 545 1736 580 3:

331 594 406 636 tibi
431 594 551 636 noxia
574 601 690 642 sunt,
718 594 862 635 avibus
896 602 965 634 aut
995 594 1092 635 seris
1124 593 1340 634 innoxium
1363 593 1597 636 ministrant
1619 609 1688 651 pa-
1727 623 1735 654 ¹.

333 664 493 705 bulum.
522 663 713 720 Denique
741 664 874 705 sturni
899 672 1126 705 vescuntur
1148 664 1315 705 conium
1332 696 1343 712 ,
1369 679 1445 706 nec
1471 664 1604 705 fraudi
1626 673 1689 708 cst

333 734 414 782 eis,
438 733 638 790 quoniam
664 749 738 790 per
760 733 1003 789 qualitatem
1036 734 1098 775 sui
1131 734 1317 791 corporis
1339 749 1548 776 venenum
1573 733 1689 776 succi
1728 776 1731 783 ,

332 804 465 846 letalis
496 805 690 845 evadunt.
731 803 897 860 Frigida
926 804 1039 845 enim
1075 804 1131 845 vis
1166 803 1257 860 ejus
1295 812 1356 846 est
1394 804 1532 852 succi,
1564 819 1691 860 quam
1728 813 1747 880 'l

338 874 562 915 subtilibus
584 873 695 931 poris
719 873 761 914 in
783 873 920 914 cordis
943 874 1005 914 sui
1036 875 1175 915 sedem
1201 874 1475 923 ducentibus,
1511 874 1691 932 praecoci
1745 883 1747 902 ¹

335 945 564 1001 digestione
585 944 861 1001 praeveniunt,
889 943 1004 1001 prius
1028 959 1153 1000 quam
1185 944 1323 985 vitalia
1356 944 1441 1002 ipsa
1464 952 1686 1002 pertentet.

335 1015 608 1056 Helleborum
634 1022 773 1056 aulem
798 1015 919 1071 periti
951 1016 1182 1070 loquuntur
1203 1029 1340 1055 escam
1361 1030 1450 1056 esse
1475 1022 1516 1056 et
1553 1015 1694 1056 alimo-
1730 1006 1747 1071 {¹

334 1085 446 1126 niam
466 1085 749 1132 coturnicum,
773 1099 822 1125 eo
842 1084 955 1141 quod
972 1085 1343 1140 naturaliquodam
1362 1092 1695 1142 temperamento
1731 1104 1747 1134 ι1

336 1154 398 1195 sui
423 1154 608 1211 corporis
625 1154 708 1196 vim
733 1154 875 1211 pabuli
892 1153 1082 1195 nocentis
1102 1154 1269 1195 evitent.
1292 1154 1458 1196 Etenim
1477 1154 1510 1196 si
1532 1155 1695 1197 ratione
1730 1161 1747 1207 {z

337 1224 557 1265 medicinae
575 1225 823 1281 plerumque
847 1225 898 1265 ad
925 1225 1210 1266 salubritatem
1229 1225 1404 1266 humaui
1420 1241 1587 1282 quoque
1604 1240 1699 1268 cor·
1730 1229 1734 1272 i

336 1293 449 1349 poris
480 1301 762 1350 temperatur,
797 1294 864 1335 cui
891 1294 1056 1336 videtur
1087 1310 1176 1336 csse
1212 1295 1469 1338 contrarium
1496 1311 1504 1337 :
1537 1304 1696 1353 quanto
1730 1281 1735 1366 i

334 1364 465 1421 magis
496 1363 750 1425 proprietate
783 1373 942 1407 naturae
979 1367 1031 1407 ad
1064 1365 1206 1406 cibum
1236 1365 1428 1423 proficit,
1457 1367 1572 1423 quod
1605 1382 1699 1409 me-

339 1434 430 1475 dica
470 1450 599 1476 manu
636 1435 894 1477 convertitur
933 1437 984 1477 ad
1022 1435 1226 1477 salutem?
1260 1436 1339 1478 Per
1372 1438 1698 1493 mandragoram

336 1521 502 1563 quoque
520 1521 688 1547 somnus
705 1506 946 1563 frequenter
966 1508 1219 1556 accersitur,
1240 1507 1315 1550 ubi
1338 1508 1575 1564 vigiliarum
1600 1506 1699 1565 aegri

340 1576 592 1618 afflictantur
614 1577 895 1620 incommodo.
945 1578 1049 1620 Nam
1068 1578 1169 1635 quid
1199 1580 1249 1619 de
1275 1578 1371 1636 opio
1392 1580 1562 1635 loquar,
1585 1578 1703 1634 quod
1731 1583 1737 1634 Ι

340 1646 464 1688 etiam
488 1647 609 1688 nobis
640 1648 883 1704 quotidiano
907 1664 1039 1705 prope
1063 1664 1142 1690 usu
1167 1649 1375 1697 innotuit,
1403 1649 1602 1705 quoniam
1623 1649 1700 1690 do-
1731 1635 1736 1697 l

339 1718 448 1758 lores
478 1732 528 1758 eo
556 1717 786 1774 gravissimi
817 1718 1077 1760 internorum
1101 1734 1209 1776 saepe
1231 1719 1437 1761 viscerum
1461 1719 1694 1777 sopiuntur.
1733 1710 1736 1723 ¹

340 1786 425 1829 Nec
459 1787 563 1829 illud
583 1788 790 1844 praeterit,
816 1790 930 1845 quod
960 1789 1082 1830 conio
1108 1791 1355 1846 plerumque
1377 1789 1539 1831 furores
1560 1788 1701 1830 libidin

340 1871 442 1898 1111111
459 1867 748 1907 marcuerunt,
769 1867 809 1901 ct
832 1859 1047 1902 helleboro
1069 1867 1241 1901 vetustae
1259 1859 1470 1916 passiones
1493 1859 1591 1916 aegri
1611 1873 1704 1901 cor·
1732 1879 1737 1918 1

339 1928 454 1984 poris
471 1937 569 1970 sunt
586 1929 744 1971 solutae.
1732 1929 1737 1990 ἰ

397 1997 485 2042 XL.
523 1999 616 2041 Non
639 2001 773 2041 solum
792 2000 916 2058 igitur
941 2002 1051 2042 nulla
1076 2001 1116 2042 iu
1143 2001 1205 2043 his
1230 2002 1498 2060 reprehensio
1524 2002 1703 2044 Creato-
1732 1993 1737 2056 ᾗ

340 2067 413 2117 ris,
435 2070 507 2110 sed
529 2069 655 2110 etiam
674 2071 979 2112 incrementum
1004 2080 1066 2113 cst
1087 2072 1327 2129 gratiarum.
1357 2071 1570 2129 Siquidem
1587 2073 1703 2128 quod

340 2140 394 2180 ad
414 2139 651 2197 periculum
686 2142 862 2198 putabas
899 2158 988 2184 esse
1025 2151 1294 2199 generatum,
1327 2145 1378 2185 ad
1407 2141 1591 2184 remedia
1626 2142 1701 2184 tibi

340 2210 485 2252 salutis
512 2220 724 2268 operatur.
757 2211 861 2255 Nam
883 2221 925 2255 ct
956 2213 998 2254 id
1019 2216 1133 2270 quod
1156 2213 1332 2271 periculi
1356 2221 1433 2262 est,
1462 2202 1537 2270 per
1559 2211 1714 2270 provi-'
1734 2251 1736 2254 ,

338 2281 524 2323 dentiam
543 2282 803 2325 declinatur:
823 2293 865 2325 et
887 2284 929 2325 id
946 2287 1059 2341 quod
1078 2285 1237 2333 salutis,
1257 2301 1332 2343 per
1350 2283 1596 2327 industriam
1617 2279 1738 2345 non'l

333 2350 553 2393 amittitur.
591 2351 743 2394 Annon
767 2368 863 2395 oves
885 2362 927 2395 ct
950 2370 1084 2411 caprae
1108 2370 1172 2403 ea,
1199 2370 1291 2411 quae
1319 2354 1396 2396 sibi
1423 2354 1547 2396 noxia
1570 2363 1668 2397 sunt
1687 2357 1715 2403 ,’

339 2420 551 2462 declinare
586 2422 824 2465 didicerunt
850 2431 891 2465 et
919 2426 1004 2466 solo
1032 2426 1160 2466 odore
1192 2441 1268 2482 per
1299 2426 1701 2482 quoddamwuaturae
1733 2426 1737 2492 Ι

342 2490 612 2546 mysterium,
641 2507 738 2533 cum
771 2493 851 2535 sint
878 2494 1049 2535 rationis
1077 2504 1291 2552 expertes,
1327 2495 1531 2536 rationem
1559 2494 1738 2547 tamen'l

340 2559 544 2602 evadendi
565 2562 760 2618 periculi,
787 2565 850 2605 vel
868 2566 1034 2606 tuendae
1059 2565 1201 2607 salutis
1223 2573 1470 2623 agnoscunt,
1494 2564 1706 2621 noxiaque
1733 2560 1738 2627 l

338 2629 497 2688 pariter
527 2646 574 2674 ac
606 2633 825 2690 profutura
858 2635 1143 2694 distinguunt3
1172 2636 1226 2678 ita
1254 2644 1301 2678 ut
1327 2637 1577 2694 plerumque
1602 2649 1703 2677 cum
1734 2638 1737 2662 ἲ

1734 2793 1737 2812 l
