1742 3233
387 358 438 385 DE
473 357 684 386 manusc.
723 357 841 388 Lmen
874 360 988 389 Usus.
1281 342 1364 412 367

19 435 178 484 vivere,
203 443 245 477 et
268 434 370 492 quid
392 435 445 476 sit
474 443 611 477 morte
641 435 773 484 mori,
798 444 841 478 et
863 437 964 516 q.Uid
985 438 1037 481 sit
1055 439 1194 482 vivere
1215 444 1368 493 morti,

19 514 58 548 et
87 506 194 548 mori
224 507 317 548 vitae
339 506 666 548 consideiemus.
692 507 798 548 Puto
829 507 942 549 enim
965 495 1371 573 secundunkScrip-

20 568 153 624 utras,
177 577 272 633 quia
293 577 375 619 vita
398 577 535 619 vivcie
558 576 849 618 admirabilem
867 581 1092 634 quamdam
1115 582 1227 624 illam
1244 583 1372 627 vitam

19 649 269 704 beatamque
298 647 523 706 5ἰ<νΠίΓιοοῑ,
553 656 594 689 et
623 647 737 689 hunc
760 648 925 691 xivendi
955 666 1076 692 usum
1105 652 1373 712 spirandique

19 733 170 760 munus
189 732 286 760 cum
308 719 441 760 beatae
461 719 553 760 vitae
577 717 708 775 gratia
728 719 855 759 veluti
875 719 1176 777 conjunctum,
1201 731 1241 765 et
1268 740 1374 781 qua—

20 791 114 830 dam
131 788 451 846 participatione
479 788 735 846 permixtum
754 789 1041 832 demonstrare
1058 792 1259 837 videatur.
1284 796 1375 838 Hoc

19 866 81 899 est
96 858 208 910 enim
230 858 312 900 vita
333 858 471 900 virere
488 891 498 906 ‚
522 858 674 899 virtute
696 857 834 898 vivere
850 891 861 907 ,
885 858 1017 901 beatae
1039 861 1132 903 vitae
1156 871 1274 906 actus
1296 864 1374 906 ha-

19 929 118 970 bere
136 928 177 970 in
192 929 308 970 istius
328 927 514 986 corp0ris
534 929 629 970 vita.
656 929 812 970 Contra
837 938 975 971 autem
993 941 1130 987 morte
1151 935 1258 976 mori
1276 936 1377 991 quid

20 1005 80 1040 est
94 997 209 1053 ¹aliud
222 1031 231 1045 ‚
246 999 324 1040 nisi
342 1014 439 1039 cum
457 1006 592 1039 morte
612 997 799 1054 corporis
812 998 1122 1042 deformitatem
1139 1002 1376 1060 significare

19 1068 234 1110 morientIS
250 1101 260 1116 ,
283 1068 349 1125 cuj
359 1084 403 1109 us
421 1076 463 1109 et
481 1083 577 1110 caro
595 1065 811 1117 communi
832 1068 997 1110 vivendi
1016 1085 1192 1113 munere
1209 1071 1380 1114 defrau-

22 1139 156 1186 detur,
178 1146 220 1179 et
241 1139 377 1180 anima
393 1138 485 1180 vitae
506 1146 673 1180 aeternae
694 1152 819 1178 usum
836 1137 994 1179 habere
1017 1154 1103 1180 non
1124 1141 1284 1198 possit?
1300 1144 1374 1185 Est

22 1208 145 1262 etiam
168 1208 238 1264 qui
253 1209 336 1250 vita
359 1208 553 1256 moritur,
582 1207 718 1264 utqui
736 1207 835 1248 vivit
853 1223 1055 1266 corpore,
1082 1212 1156 1252 sed
1175 1220 1272 1253 actu
1292 1228 1382 1255 mo-

21 1279 125 1321 ritur
146 1294 220 1321 suo
240 1296 249 1323 ε
275 1281 417 1336 quales
441 1279 499 1321 illi
523 1286 642 1326 sunt,
669 1279 719 1319 de
737 1278 890 1334 quibus
914 1279 968 1321 ait
989 1279 1198 1338 Propheta
1222 1283 1384 1325 :«Des—

23 1368 37 1388 n
51 1352 236 1392 cendunt
252 1350 300 1401 in·
314 1349 526 1392 infernum
547 1347 768 1391 viventes¹.
790 1368 804 1387 »
818 1349 870 1390 Et
892 1349 961 1390 illa
984 1351 1036 1391 (le
1059 1365 1139 1407 qua
1157 1351 1383 1409 Apostolus
1441 1402 1444 1405 ,

24 1420 123 1462 dicit
142 1437 150 1463 :
168 1421 408 1473 «Quoniam
429 1420 570 1461 vivens
588 1426 756 1460 mortua
772 1426 833 1460 est
847 1418 877 1460 ².
895 1419 1138 1470 »Quartum
1163 1431 1381 1479 superest,

23 1492 135 1546 quod
155 1499 251 1532 sunt
273 1491 343 1547 qui
361 1491 487 1532 etiam
505 1497 640 1531 morte
661 1489 804 1530 vivunt
821 1522 830 1537 ‚
852 1497 898 1530 ut
919 1489 1123 1547 Martyres
1137 1492 1292 1541 sancti,
1314 1494 1384 1549 qui

23 1549 166 1618 utique
188 1561 427 1603 moriuntur
443 1569 487 1601 ut
503 1561 655 1602 vivant.
683 1559 861 1601 Moritur
883 1574 1004 1608 caro,
1032 1563 1106 1602 sed
1128 1561 1229 1603 vivit
1252 1563 1384 1619 gratia
1413 1582 1418 1585 ·

23 1640 298 1673 mortuorum.
325 1631 434 1689 Ergo
453 1631 558 1672 absit
582 1645 602 1671 a
620 1629 740 1671 nobis
754 1662 764 1677 ‚
790 1637 837 1670 ut
853 1630 1078 1688 participes
1098 1632 1246 1673 mortis
1267 1633 1382 1674 viva-

22 1690 114 1743 mus
141 1717 149 1743 τ
175 1704 247 1744 sed
263 1710 408 1744 contra
425 1700 649 1759 participes
676 1700 769 1741 x‘itae
793 1699 1035 1742 moriamur.
1068 1700 1247 1743 Sanctus
1270 1703 1383 1744 enim

24 1787 100 1813 nec
125 1773 218 1814 vitre
248 1772 364 1814 istius
396 1788 439 1814 se
467 1774 556 1814 vult
585 1787 675 1812 esse
707 1771 984 1828 participem,
1016 1772 1085 1828 qui
1119 1773 1174 1815 ait
1194 1788 1203 1814 :
1221 1773 1381 1831 «Cupio

25 1841 242 1891 »dissolvi,
267 1850 308 1884 et
336 1858 433 1884 cum
462 1841 627 1884 Christo
652 1856 768 1890 esse3
802 1843 936 1883 multo
959 1842 1069 1883 enim
1092 1842 1281 1897 melius&
1301 1843 1383 1886 »Et

27 1911 125 1954 alius
150 1928 158 1954 :
177 1913 295 1955 «Heu
320 1910 409 1961 me,
434 1914 547 1969 quod
570 1912 775 1954 incolatus
797 1927 915 1953 meus
935 1914 1206 1970 prolongatus
1229 1913 1312 1956 est·'‘
1331 1914 1339 1955 l
1355 1933 1371 1954 »

20 1979 173 2024 Dolens
205 1983 350 2040 utique
383 1998 480 2025 cum
516 1982 725 2024 consortia
760 1982 855 2024 vitae
883 1990 1022 2039 speret
1043 1991 1232 2032 aetcrnae,
1263 1983 1380 2025 istius

31 2051 126 2094 ritae
136 2053 355 2111 fragilitate
367 2069 408 2095 se
422 2053 639 2095 contineri.
663 2053 714 2094 Et
738 2052 830 2094 ideo
851 2067 1024 2109 possum
1041 2068 1063 2094 e
1081 2053 1292 2095 contrario
1315 2053 1380 2095 di—

24 2125 140 2171 eere‚
164 2125 259 2179 quia
283 2124 358 2165 etsi
380 2124 458 2164 vita
482 2124 621 2165 rivere
644 2123 802 2164 honum
836 2130 920 2169 est,
946 2122 1040 2163 vitae
1070 2131 1211 2166 tamen
1240 2123 1378 2165 vivere

0 2204 3 2208 ·
28 2192 269 2250 ambiouum
292 2195 356 2236 sit.
383 2195 524 2236 Potest
547 2193 659 2235 enim
677 2193 757 2234 dici
776 2192 868 2248 quis
886 2192 978 2233 xiste
1000 2193 1064 2234 xix
1068 2209 1161 2242 eie,
1185 2193 1266 2236 hoc
1288 2201 1373 2243 est,

1288 2317 1368 2330 111111

0 2342 2 2361 ²
25 2317 104 2373 dici
123 2333 216 2376 vitae
242 2334 308 2375 xix
311 2350 403 2382 erc,
427 2334 508 2376 hoc
535 2341 621 2381 est,
648 2335 710 2374 vel
734 2347 1069 2389 quemcumque,
1094 2335 1159 2375 xcl
1183 2318 1376 2400 sanctum

0 2415 4 2422 ·
24 2398 136 2443 istius
152 2403 244 2444 xitae
266 2404 421 2445 habete
445 2403 697 2445 desiderium
719 2402 968 2459 coipmalis·
958 2435 968 2450 ,
988 2410 1056 2451 ut,
1080 2391 1196 2444 xerbi
1217 2390 1346 2461 aratia
1361 2436 1374 2454 ,

0 2476 6 2501 ¹
27 2470 57 2511 si
55 2472 161 2534 'quis
181 2473 272 2514 ideo
294 2474 469 2516 honeste
491 2482 609 2531 putet.
632 2489 721 2514 esse
737 2473 802 2514 vix
805 2473 989 2519 endum,
1015 2480 1060 2513 ut
1083 2472 1116 2513 is
1138 2462 1375 2530 longaevita-

6 2547 108 2602 tem
124 2542 216 2583 xitae
238 2543 358 2584 bonis
381 2545 541 2585 actibus
568 2551 864 2599 consequatui,
891 2542 1032 2599 quales
1055 2542 1243 2600 pleiique
1263 2542 1376 2586 iufir-

0 2613 11 2663 ἢ
69 2611 174 2655 iores
193 2621 313 2662 sunt,
340 2629 443 2671 quos
466 2615 555 2657 hzcc
579 2614 661 2655 vita
684 2615 876 2656 delectat.

72 2712 81 2726 ¹
101 2705 260 2747 Psal.1.1v,
283 2689 333 2742 16.
346 2726 386 2735 -ι
402 2718 442 2743 21
461 2708 549 2742 Tim.
562 2718 593 2746 v,
606 2707 687 2742 6.-
707 2709 720 2735 3
739 2705 860 2750 Philip.
878 2717 902 2749 1,
921 2705 970 2741 25.
995 2723 1034 2733 --
1054 2709 1067 2734 ⁴
1085 2707 1164 2740 Psal.
1182 2718 1270 2747 cxix,
1288 2710 1316 2740 5.

1158 2777 1224 2804 20.
