1742 3233
276 259 362 309 426
819 275 848 300 s.
889 274 1079 303 ammosa

274 362 481 390 mensurae
513 348 592 390 sibi
627 349 910 391 convenientis
939 352 991 392 ad
1019 350 1193 407 gratiam
1223 351 1375 392 decore
1405 353 1629 408 quadraret

275 427 399 475 caput
433 418 615 460 hominis
632 451 642 467 ‚
678 427 720 460 et
747 427 946 476 tanquam
984 421 1123 477 regale
1149 435 1255 462 arcae
1283 421 1555 479 adjungeret,
1579 436 1629 464 ex

277 502 359 543 quo
392 503 489 530 cum
511 503 654 530 sensus
678 503 822 530 omnes
845 491 897 531 ad
920 498 1088 531 caeteras
1117 499 1256 547 partes
1281 492 1470 549 corporis
1493 500 1630 534 trans-

272 556 575 606 funderentur3
606 567 697 600 tum
727 559 907 600 maxime
941 559 1078 607 oculi,
1117 561 1232 602 velut
1269 562 1555 617 speculatores
1589 569 1631 603 et

275 628 467 668 custodes
490 635 647 668 naturae
673 628 847 684 appositi
879 628 1163 684 providentia,
1188 645 1319 687 prope
1349 639 1487 672 totum
1517 631 1630 672 orbis

275 698 407 738 nostri
445 706 598 738 statum
631 699 809 753 desuper
842 706 1155 740 contuerentur.
1195 700 1371 756 Ipsaque
1402 715 1519 742 mens
1547 699 1632 741 illic

273 767 409 809 locata
432 768 665 808 secundum
686 767 966 823 plurimorum
983 768 1233 828 septentiam
1250 801 1260 816 ,
1283 777 1325 810 et
1348 769 1528 810 maxime
1549 767 1631 810 Sa-

273 835 453 877 lomonis
467 867 476 883 ‚
497 835 567 891 qui
597 835 652 876 ait
672 850 681 877 :
699 835 853 877 «Oculi
877 824 1070 892 sapientis
1094 837 1136 878 in
1163 838 1300 894 capite
1317 837 1430 892 ejus1
1456 854 1466 879 z
1485 856 1501 876 n
1515 838 1632 895 quasi

275 903 317 945 in
345 906 432 946 aula
468 904 673 961 imperiali
695 905 898 946 virtutum
932 905 1156 949 concilium
1178 908 1256 949 sibi
1278 907 1526 957 contrahat,
1549 923 1632 964 quo

276 973 426 1030 stipata
447 975 651 1016 comitatu
671 983 712 1016 et
729 975 817 1032 ipsa
842 976 1043 1017 munitior
1059 976 1133 1025 sit,
1158 985 1200 1018 et
1222 985 1423 1033 tanquam
1445 992 1497 1018 ex
1517 977 1632 1018 edito

276 1044 459 1098 quodam
493 1045 588 1097 loco
619 1045 763 1086 tuendi
794 1045 921 1086 totius
954 1046 1141 1102 corporis
1178 1047 1366 1103 regimen
1394 1047 1631 1104 impertiat,

275 1127 472 1169 responsa
488 1114 695 1170 proferam
714 1130 790 1171 per
806 1130 931 1170 quem
950 1115 1155 1172 possimus
1177 1131 1252 1157 nos
1267 1116 1377 1173 ipsos
1395 1131 1480 1158 uon
1497 1117 1633 1157 solum

277 1192 389 1225 retro
426 1185 656 1241 respicere,
691 1200 770 1226 nec
802 1187 938 1226 solum
975 1188 1089 1242 quod
1118 1195 1214 1228 ante
1234 1189 1363 1243 pedes
1383 1195 1446 1228 est
1466 1187 1632 1234 videre,

279 1253 352 1294 sed
386 1252 512 1293 etiam
548 1254 642 1294 coeli
674 1254 800 1310 ipsius
833 1242 992 1295 secreta
1024 1255 1232 1311 profundo
1263 1256 1416 1298 obtutu
1447 1264 1635 1314 spectare

280 1321 503 1378 sapientiae.
553 1322 616 1363 Ibi
653 1322 779 1380 igitur
810 1338 972 1365 summa
1009 1333 1161 1366 nostrae
1198 1325 1366 1374 salutis,
1399 1325 1457 1367 ihi
1488 1326 1630 1383 gratia.

279 1389 383 1431 Inde
401 1391 609 1439 custodia,
640 1392 737 1434 inde
752 1392 884 1434 ctiam
906 1394 1178 1450 pulchritudo
1201 1395 1277 1436 toti
1301 1395 1468 1453 corpori
1491 1395 1637 1453 acqui-

280 1460 402 1508 ritur,
432 1476 523 1517 quae
545 1461 730 1518 primum
753 1463 795 1504 in
817 1465 937 1505 vultu
958 1472 1115 1506 vernat.
1138 1464 1271 1506 Decet
1290 1465 1404 1506 enim
1427 1455 1644 1522 praestan-¹

280 1528 431 1571 tior-em
454 1546 542 1572 esse
563 1533 666 1573 aulae
684 1533 832 1590 regalis
854 1533 1035 1575 nitorem
1047 1567 1058 1582 ,
1076 1534 1120 1575 in
1138 1549 1218 1590 qua
1235 1534 1344 1577 sicut
1356 1535 1468 1577 visus
1482 1534 1634 1592 major,

282 1598 338 1640 ita
355 1600 551 1655 splendor
568 1609 643 1642 est.

341 1668 493 1712 XVIII.
532 1669 722 1727 Namque
755 1672 789 1713 si
820 1681 981 1729 spectes
1022 1673 1207 1731 singula,
1253 1689 1344 1730 quae
1378 1674 1420 1715 in
1456 1673 1638 1716 hominis

281 1739 415 1781 forma
443 1739 494 1781 ad
516 1755 640 1781 usum
673 1741 853 1797 aliquem
883 1744 1114 1800 composita
1137 1744 1347 1793 videntur,
1382 1752 1428 1786 ut
1453 1735 1565 1786 oculi
1588 1745 1640 1786 ad

283 1809 511 1859 videndum
529 1842 539 1857 ‚
566 1826 686 1853 aures
716 1813 769 1853 ad
807 1813 1087 1862 audiendum,
1122 1830 1242 1856 nares
1274 1816 1325 1856 ad
1345 1815 1609 1874 odorandum
1626 1846 1637 1862 ,

285 1894 329 1921 os
356 1880 407 1920 ad
428 1881 707 1936 loquendum,
734 1882 788 1923 ita
819 1898 920 1923 usus
942 1878 1204 1932 ministrant,
1228 1892 1275 1925 ut
1297 1892 1496 1941 praestent
1518 1885 1641 1941 deco-

283 1963 387 1991 rem.
414 1950 553 2001 Quam
574 1950 780 1993 deso'rmes
802 1961 898 1994 sunt
920 1955 1058 1996 vultus
1091 1955 1328 1996 caecorum!
1354 1954 1406 1995 Et
1427 1953 1527 2010 quid
1557 1953 1640 1995 mi-

283 2033 399 2067 rum,
420 2018 452 2060 si
467 2021 605 2062 vultus
623 2020 802 2063 hominis
821 2022 976 2078 absque
993 2023 1124 2064 oculis
1144 2024 1342 2065 deformis
1366 2032 1448 2072 est,
1471 2023 1640 2079 quando

286 2087 422 2144 ipsum
445 2090 598 2129 coelum
615 2089 702 2131 sine
724 2092 809 2132 sole
832 2106 916 2132 non
938 2088 1066 2133 habet
1093 2108 1214 2133 suum
1232 2091 1461 2134 decorem?
1483 2091 1651 2137 Tristes

285 2158 373 2199 sine
409 2160 493 2199 sole
533 2159 629 2207 (lies¹
652 2159 866 2209 ducimus,
905 2156 1052 2204 noctes*
1082 2163 1170 2204 sine
1199 2165 1296 2205 luna
1331 2178 1414 2204 uon
1445 2164 1638 2219 placent3

287 2228 362 2285 ipsi
393 2228 506 2270 enim
538 2237 633 2270 sunt
664 2231 834 2286 quidam
871 2231 1018 2273 mundi
1047 2234 1171 2275 oculi.
1214 2233 1397 2275 Detrahe
1425 2233 1642 2274 stellarum

285 2297 466 2346 lumina,
487 2306 528 2339 et
552 2300 742 2355 quaedam
765 2309 827 2342 est
847 2301 889 2342 in
912 2302 1018 2342 coelo
1041 2301 1129 2358 ipso
1156 2302 1354 2344 caecitatis
1379 2301 1635 2343 deformitas.

288 2366 363 2409 Pili
382 2366 482 2424 ipsi,
508 2369 579 2424 qui
601 2370 749 2412 orbem
771 2372 993 2413 oculorum
1011 2380 1245 2429 praetexunt
1258 2405 1269 2421 ‚
1294 2380 1336 2414 et
1356 2366 1470 2425 velut
1490 2381 1643 2428 quam-

289 2437 386 2478 dam
409 2437 541 2479 aciem
563 2442 850 2496 praetendunt‚
874 2456 928 2483 ne
949 2443 1070 2483 sorde
1095 2442 1230 2499 aliqua
1253 2444 1320 2485 vel
1339 2441 1521 2500 pulveris
1543 2430 1649 2500 cali--

286 2506 380 2563 gine
398 2508 553 2564 pupilla
574 2511 770 2560 laetlatur3
795 2520 837 2554 et
855 2511 936 2570 ipsi
958 2512 1198 2570 excipiunt,
1219 2513 1251 2555 si
1273 2513 1374 2570 quid
1404 2507 1530 2555 suerit
1548 2510 1642 2553 illa-

338 2606 346 2619 ¹
365 2596 483 2630 Eccles.
503 2609 541 2636 ιι,
563 2600 611 2637 14.
