1742 3233
313 302 398 354 416
857 312 888 339 s.
927 311 1116 340 Aimnosn

312 408 402 451 quae
423 392 533 434 bona
557 390 708 437 habet,
735 388 871 446 primo
894 390 1041 430 ordine
1069 387 1311 436 constituit3
1336 401 1427 444 quae
1450 386 1659 438 officiant,

310 463 518 510 secundo;
543 475 634 517 quae
659 458 879 516 adjuvent,
903 459 1024 500 tertio
1047 474 1055 500 :
1083 466 1130 499 ut
1152 466 1350 514 tanquam
1371 458 1413 499 in
1433 450 1574 500 medio
1596 458 1664 500 in-

312 535 450 575 clusus
475 530 626 578 hostis,
653 529 869 587 geminatis
893 543 1161 586 quocumque
1183 544 1226 570 se
1248 528 1496 578 contulerit,
1520 528 1665 586 oppri—

311 612 451 646 matur
467 601 648 649 viribus3
678 615 731 642 ne
753 600 925 656 singulze
946 615 1093 641 eorum
1112 600 1226 641 velut
1248 598 1419 655 aequatis
1440 598 1666 656 fatigentur

312 673 463 731 praeliis
478 706 488 721 ,
512 679 554 712 et
570 669 772 711 evadendi
795 669 846 709 de
870 670 1068 726 angustiis
1089 669 1372 717 naturalibus,
1401 683 1447 710 ac
1470 668 1664 725 serpendi

312 744 434 786 iatius
452 742 694 783 facultatem
710 736 899 780 haberet.

370 812 421 855 V.
459 812 543 853 Sed
566 809 661 866 quia
691 808 761 850 ubi
785 816 1062 864 generantur,
1087 808 1155 850 hic
1185 810 1287 851 ordo
1309 817 1400 851 est:
1431 809 1503 850 ubi
1525 817 1666 850 autem

315 890 537 942 generant,
569 879 755 937 Japheth
790 878 927 935 primo
961 880 1055 920 loco
1089 878 1310 927 scribitur,
1342 878 1464 919 tertio
1501 878 1633 919 Cham
1652 895 1663 926 ;

314 957 408 997 ideo
424 969 477 995 ne
495 950 702 993 contraria
719 964 794 990 nos
815 948 1115 1005 posterioribus
1139 948 1287 989 dixisse
1304 948 1396 1005 quis
1420 947 1664 996 arbitretur,

314 1024 438 1066 ctiam
457 1023 564 1064 illius
580 1020 662 1062 loci
679 1020 935 1076 explananda
949 1019 1052 1060 ratio
1076 1026 1149 1060 ost.
1178 1020 1344 1060 Bonum
1368 1018 1539 1074 quidem
1557 1019 1669 1074 quod

287 1103 290 1105 ’
314 1096 428 1137 velut
450 1093 491 1133 in
515 1092 695 1147 quadam
720 1097 877 1130 naturae
901 1086 1116 1130 nobilitate
1138 1097 1200 1129 est
1216 1120 1226 1135 ‚
1256 1087 1456 1145 praecedit
1476 1103 1484 1128 :
1512 1089 1670 1128 malum

316 1172 457 1206 autem
474 1161 662 1217 sequitur
682 1176 692 1207 3
718 1165 816 1199 sunt
835 1158 947 1199 enim
965 1158 1235 1215 cogitationes
1257 1158 1408 1199 mentis
1431 1157 1667 1206 contrariae,

314 1249 405 1290 quse
446 1231 590 1286 utique
629 1228 822 1269 oriuntur
854 1236 1008 1284 postca.
1052 1228 1150 1268 Haec
1189 1228 1372 1284 quandiu
1405 1229 1517 1269 velut
1559 1227 1669 1268 intus

317 1305 455 1345 clausa
488 1308 606 1347 sunt,
637 1313 714 1339 nec
741 1305 937 1352 tanquam
963 1297 1005 1337 in
1028 1297 1168 1338 herbis
1200 1298 1457 1354 germinant,
1483 1291 1682 1354 quodam*

315 1374 407 1415 sinu
426 1372 548 1413 bonae
570 1368 722 1410 mentis
744 1368 954 1415 foventur,
979 1382 1032 1408 ne
1053 1367 1270 1424 prodeant.
1294 1367 1399 1409 Nam
1417 1367 1603 1423 quandiu
1627 1367 1669 1408 in

313 1446 527 1486 voluntate
544 1447 605 1481 est
621 1440 804 1487 malum,
833 1453 919 1479 non
949 1437 991 1478 in
1019 1441 1219 1493 &areli-lgm,
1253 1438 1333 1479 hoc
1356 1445 1418 1479 est
1435 1470 1445 1486 ‚
1472 1436 1514 1478 in
1541 1452 1669 1494 opere

316 1523 438 1570 atque
468 1510 648 1557 effectu,
682 1507 847 1550 bonitas
873 1507 1024 1548 mentis
1050 1507 1339 1563 gubernatoris
1368 1508 1483 1550 velut
1515 1507 1668 1564 aurigae

314 1584 438 1626 modo
470 1580 639 1622 cohibet
672 1579 736 1619 vel
765 1578 948 1618 refrenat
978 1577 1179 1618 malitiam
1208 1585 1439 1619 tentantem
1470 1592 1669 1635 prorum—

312 1668 412 1712 pere
434 1667 444 1693 τ
474 1665 571 1692 cum
598 1663 694 1690 vero
717 1647 987 1695 efferbuerit,
1012 1655 1135 1703 atque
1168 1648 1210 1688 in
1238 1650 1358 1689 ulcus
1379 1648 1589 1705 eruperit,
1615 1663 1667 1689 ne

312 1722 439 1782 possit
462 1720 582 1762 latius
605 1733 793 1774 serpere,
817 1726 858 1758 ct
882 1716 1057 1758 finitima
1082 1718 1367 1759 contaminare
1383 1751 1394 1767 ,
1426 1726 1528 1759 tunc
1557 1718 1667 1774 justa

313 1791 498 1834 succedit
520 1788 794 1847 providentia,
814 1803 865 1828 ne
878 1787 980 1828 illud
993 1786 1233 1829 indifferens
1251 1789 1364 1845 quod
1382 1790 1504 1845 vulgo
1519 1804 1667 1830 secun-

313 1865 412 1904 dum
435 1862 595 1903 bonum
629 1858 798 1905 dicunt,
822 1859 936 1898 velut
965 1859 1057 1898 loco
1082 1858 1227 1907 cedat,
1257 1873 1354 1899 cum
1384 1858 1469 1914 jam
1491 1859 1665 1900 ferventi

312 1935 422 1976 malo
452 1946 536 1973 non
569 1929 697 1986 possit
723 1928 926 1969 resistere.
967 1928 1111 1983 Itaque
1144 1944 1196 1969 ne
1226 1929 1349 1970 latius
1378 1929 1527 1970 fundat
1553 1930 1665 1972 virus

312 2004 500 2050 noxium,
519 2008 560 2041 et
576 1998 774 2056 plurimas
792 1997 947 2061 inficiat
971 1992 1209 2054 generando
1228 1999 1537 2056 corruptiones,
1561 1999 1665 2041 illud

310 2075 492 2132 primum
516 2072 676 2112 bonum
693 2069 805 2124 quod
826 2076 973 2108 natura
991 2068 1149 2108 honum
1173 2076 1255 2113 est,
1281 2070 1382 2110 dum
1410 2070 1550 2110 locum
1569 2084 1664 2110 mu-

311 2153 386 2193 tat,
405 2141 596 2184 ordinem
617 2146 752 2180 mutat
771 2155 781 2186 3
802 2146 848 2178 ut
864 2137 980 2194 quasi
1002 2138 1206 2178 laboranti
1228 2139 1375 2179 cornui
1391 2154 1513 2196 opem
1540 2140 1659 2186 serat,

310 2224 352 2258 et
384 2228 477 2255 eam
506 2219 667 2268 partem
695 2208 797 2250 aciei
830 2208 1026 2265 suscipiat
1065 2223 1154 2264 quae
1184 2210 1276 2264 plus
1309 2209 1503 2257 laborat3
1532 2209 1662 2250 virtus

312 2285 425 2327 enim
452 2280 665 2324 bellatoris
697 2278 1000 2320 difficilioribus
1031 2279 1131 2320 locis
1167 2287 1238 2320 est*
1263 2279 1524 2327 necessaria;
1555 2280 1662 2321 sicut

311 2357 437 2398 etiam
463 2352 562 2394 boni
586 2349 769 2392 custodis
795 2348 1013 2406 praescntia
1046 2348 1101 2389 ibi
1128 2348 1409 2405 frequentior,
1441 2349 1515 2390 ubi
1546 2350 1658 2391 muri

310 2425 550 2483 fragiliores.
581 2422 643 2463 Ac
674 2436 726 2462 ne
753 2435 833 2476 qua
856 2435 949 2477 pars
972 2419 1058 2460 sine
1087 2418 1303 2461 defensore
1328 2419 1405 2468 sit,
1431 2421 1532 2460 dum
1558 2418 1661 2462 illud

311 2500 469 2541 bonum
486 2491 747 2535 inclinatiora
765 2498 987 2539 sustentat,
1007 2503 1120 2530 nunc
1138 2489 1239 2531 illud
1259 2489 1499 2531 indifferens
1517 2490 1658 2531 locum

312 2565 569 2624 superiorem
586 2561 773 2618 suscipit,
787 2562 901 2602 velut
919 2561 1144 2617 deputante
1165 2560 1243 2602 sibi
1269 2575 1360 2601 earn
1378 2567 1540 2617 partem
1561 2549 1665 2616 per·¹

311 2633 474 2680 fectiori
500 2633 636 2679 bono;
663 2631 765 2673 nihil
791 2630 902 2672 enim
924 2630 1076 2672 virtute
1104 2630 1341 2687 perfectius.
1374 2628 1657 2673 Indifferentia
