1742 3233
3 267 7 321 1
327 294 379 322 nn
412 293 489 322 ,11011
523 293 573 321 Er
610 292 728 320 ARCA.
767 292 885 320 ann
919 290 1034 319 UNUS.
1273 278 1357 336 467

0 367 120 410 'riora
135 401 146 418 ‚
176 369 331 411 detexit
352 369 490 410 omnia
512 384 602 425 quae
624 376 743 411 erant
764 368 1064 426 impedimento
1079 400 1089 416 ,
1113 375 1156 409 et
1177 368 1358 424 speeiem

12 441 258 497 voluptatis,
283 455 374 496 quae
397 441 578 495 quodam
599 439 861 496 operimento
879 448 1049 481 caeteras
1072 440 1237 496 tegebat
1257 454 1357 496 par-

0 518 74 559 tes
97 511 282 567 eorporis
305 510 546 566 redoperuit
564 525 611 550 ac
634 509 806 557 retexit3
835 517 881 550 ut
902 523 988 550 non
1011 510 1144 550 solum
1168 523 1319 566 corpus
1337 523 1360 550 a

0 580 178 636 'servitio
210 580 494 621 dominatricis
527 579 719 636 ignobilis
743 579 962 626 liberaret,
987 578 1260 620 verumetiam
1293 594 1359 627 ea,

0 662 104 732 [quae
127 657 246 690 erant
275 649 576 706 incorporalia,
599 648 998 706 comprehenderem
1032 663 1122 705 quae
1139 648 1252 689 enim
1278 663 1364 689 non

13 718 205 766 videntur
226 727 378 761 aeterna
405 727 513 760 sunt.
547 719 600 760 Et
623 718 716 764 ideo
744 717 889 767 Justus
923 732 1049 773 quem
1078 732 1162 758 non
1195 717 1364 759 videbat

12 788 239 835 Dominum
273 788 535 845 requirebat,
563 789 823 846 corruptelae'
843 802 1009 837 exsors,
1034 786 1210 844 cupidus
1241 795 1365 829 10101*-

14 857 167 900 nitatis.
1140 906 1147 913 ‚

74 927 267 972 LXXIII.
307 928 604 979 Quod‘autem
630 927 686 968 ait
712 926 895 983 primum
917 941 1107 971 mensem
1130 927 1195 978 vel
1215 941 1359 968 secum

17 998 139 1046 dum,
175 1013 353 1054 eumque
381 1013 470 1040 esse
499 997 615 1039 verni
644 997 842 1054 temporis
875 996 1011 1045 diem,
1045 996 1173 1038 habes
1204 1004 1247 1038 et
1270 996 1351 1038 alib

18 1067 198 1116 dictum,
230 1086 245 1106 «
260 1068 338 1110 Hie
358 1068 512 1110 mensis
535 1067 694 1124 primus
712 1066 791 1108 erit
804 1064 924 1107 ‘vobis
946 1065 988 1107 in
1012 1065 1160 1106 diebus
1177 1064 1312 1107 anni'.
1341 1084 1357 1104 ι)

17 1136 101 1188 Qui
116 1137 228 1178 enim
250 1137 292 1178 in
313 1137 442 1193 gratia
463 1136 623 1193 primus
640 1143 733 1193 post
753 1135 1014 1193 periculum,
1039 1134 1241 1195 hierecte
1262 1150 1390 1193 praer

17 1206 245 1263 rogativam
265 1206 389 1263 primi
410 1206 565 1248 mensis
583 1205 757 1263 aceepit.

75 1275 266 1329 LXXIV.
303 1275 389 1319 Nec
410 1283 451 1317 te
474 1283 613 1317 autem
639 1283 805 1317 moveat
822 1276 940 1331 quod·
959 1273 1138 1316 diximus
1164 1290 1288 1332 supra
1310 1274 1369 1316 fo-

16 1344 120 1387 lium
142 1345 185 1387 in
210 1360 328 1387 ramo
354 1354 567 1402 repertum
594 1353 690 1402 post
713 1343 916 1386 diluvium
937 1343 1123 1400 potuisse
1144 1336 1335 1400 generari
1356 1360 1366 1386 ε

16 1415 94 1458 etsi
113 1415 189 1462 sub
215 1430 319 1471 aqua
334 1416 582 1472 plerumque
604 1414 744 1472 herba}
767 1414 925 1463 soleant
947 1412 1180 1470 germinare
1193 1430 1204 1462 ;
1231 1421 1372 1456 tamen

19 1493 64 1535 ut
91 1487 311 1543 scrupulus
340 1486 475 1528 omnis
506 1486 635 1543 possit
653 1484 828 1532 auferri,
853 1483 954 1540 quid
976 1498 1178 1539 magnum
1200 1484 1254 1532 si,
1283 1484 1373 1526 Deo

16 1556 213 1614 jubente,
243 1571 327 1598 uno
356 1556 422 1598 die
448 1571 532 1613 quo
555 1555 775 1598 imminuta
803 1554 930 1596 suerit
956 1569 1084 1610 aqua,
1115 1554 1254 1597 statim
1276 1571 1372 1612 ger-

17 1626 189 1668 minavit
207 1635 247 1668 et
270 1624 401 1674 terra,
426 1641 524 1668 eum
546 1625 657 1667 idem
675 1625 726 1666 sit
748 1624 964 1666 fructuum
981 1632 1197 1680 reparator
1213 1632 1254 1665 et
1275 1639 1375 1666 com<

18 1697 142 1746 ditor,
178 1705 301 1753 atque
329 1697 465 1754 operis
489 1696 552 1737 sui
574 1710 701 1736 usum
727 1709 811 1736 non
833 1693 959 1735 fucrit
981 1682 1164 1735 oblitus?v
1181 1694 1374 1751 Denique

17 1768 146 1810 habes
169 1776 211 1810 et
235 1768 277 1809 in
305 1766 458 1810 Genesi
489 1766 630 1808 statim
655 1766 769 1822 quod
790 1763 960 1821 jusserit
988 1771 1035 1804 ut
1060 1772 1166 1805 terra
1195 1764 1372 1807 herbam

17 1837 159 1895 pabuli
176 1837 445 1894 germinaret,
463 1845 506 1878 et
522 1836 682 1896 lignum
701 1834 966 1876 fructiferum
980 1842 1077 1874 011111
1093 1834 1234 1876 fructu
1251 1834 1373 1886 suo²‚

18 1915 60 1949 et
92 1907 230 1949 statim
259 1906 385 1964 ejecit
420 1914 531 1948 terra
560 1906 737 1947 horbam
770 1903 941 1962 pabuli,
969 1902 1196 1944 habentem
1229 1918 1374 1947 semen

19 1978 251 2018 secundum
274 1991 426 2034 genus,
449 1983 491 2017 et
513 1975 674 2033 lignum
690 1973 979 2031 fructiferumg
1000 1980 1041 2014 et
1063 1972 1131 2014 ille
1154 1972 1241 2015 dies
1262 1990 1372 2017 unus

17 2045 165 2094 suerit,
197 2060 280 2101 quo
305 2046 394 2087 haec
420 2046 532 2088 Deus
561 2044 683 2102 jussit
712 2051 784 2086 aut
803 2043 915 2085 fecit.
946 2042 1055 2099 Ergo
1085 2041 1282 2084 beneficii
1308 2043 1372 2085 sui

17 2116 130 2159 Deus
153 2131 239 2158 non
275 2116 516 2165 immemor,
552 2115 773 2157 immemor
802 2121 941 2155 autem
964 2118 1115 2153 nostrae
1144 2111 1372 2170 iniquitatis

46 2201 123 2243 pus
149 2201 272 2228 suum
293 2186 485 2244 ejusdem
509 2201 589 2244 qua
617 2185 744 2243 coepit
770 2183 970 2242 temporis
1001 2181 1233 2239 quantitate
1256 2198 1372 2241 repa-

19 2254 136 2298 ravit.

67 2355 78 2369 ¹
90 2345 191 2379 Exod,
208 2357 270 2389 ιιι,
286 2358 317 2380 2.
335 2365 376 2373 —
393 2355 404 2370 ²
424 2347 506 2381 Gen.
520 2358 548 2386 1,
567 2358 616 2379 ιι.

1123 2657 1194 2705 30.
