1747 3260
1740 243 1743 262 Ι

352 293 434 343 144
894 298 923 325 s.
965 297 1153 325 AMnnosu
1740 311 1747 343 ,Α

405 382 516 428 XIV.
555 380 670 433 Quid
686 379 799 436 quod
821 377 945 419 etiam
967 375 1264 434 impossibilis?
1285 376 1391 419 Nam
1415 384 1460 418 ut
1483 378 1534 419 de
1552 392 1702 420 eorum
1740 377 1743 427 ἰ

349 456 507 513 aliquid
540 450 817 509 disputatione
853 464 1066 491 sumamus
1081 480 1092 497 ,
1132 450 1410 505 redarguendi
1445 449 1579 507 gratia
1615 464 1700 492 non

350 524 572 586 piobandi,
592 536 785 579 magnam
800 520 883 562 vim
907 520 1052 562 dicunt
1068 535 1157 561 csse
1180 520 1426 568 nativitatis,
1443 535 1619 576 eamque
1630 519 1704 562 mi-
1738 521 1742 570 ,ξ

351 596 463 639 nutis
495 594 745 650 quibusdam
768 599 810 633 et
836 590 958 632 celtis
983 589 1120 647 colligi
1148 597 1341 646 opoiteie
1366 590 1588 631 momentis
1612 605 1621 631 z
1655 605 1704 632 ac

352 666 429 709 nisi
447 664 583 706 xwezius
598 662 832 718 colligatur,
853 675 1059 701 summam
1077 675 1165 701 csse
1178 660 1437 708 (listanti·11n;
1460 660 1706 702 brcvienim
1739 668 1746 693 *

354 744 510 781 atomo,
521 733 978 788 exiguoquemomento
993 730 1414 772 distaienativitatem
1433 730 1708 788 inopisetpo-
1743 741 1747 780 f

354 805 494 852 tentis,
515 800 672 859 egentis
690 809 731 842 et
752 799 887 842 divitis
901 832 911 847 ,
928 799 1161 841 innocentis
1184 809 1223 842 et
1240 801 1352 842 noxii
1371 817 1382 849 3
1402 802 1706 857 etplerumque
1737 793 1747 856 {l

354 877 502 918 eadem
518 873 621 915 hora
646 871 833 928 generari
854 870 1104 927 longaevitati
1123 871 1334 919 debitum,
1358 879 1399 911 et
1422 870 1554 927 prima
1572 870 1714 927 pueri·

355 946 421 987 tiae
451 952 572 985 aetate
600 941 875 988 moriturum,
910 940 942 981 si
969 939 1126 996 reliqua
1158 940 1336 998 disparia
1363 940 1443 981 sint
1460 972 1470 988 ,
1502 948 1545 981 et
1571 939 1709 996 aliquo
1736 939 1739 946 '

354 1023 513 1073 puncto
549 1013 741 1055 discreta.
778 1011 868 1052 Hoc
902 1012 1258 1066 quemadmodum
1289 1010 1449 1068 possint
1480 1009 1676 1067 colligere
1695 1042 1708 1059 ,
1736 1004 1739 1015 ⁸

356 1086 648 1144 respondeant.
679 1081 895 1124 Constitue
921 1089 1089 1139 partum
1114 1081 1319 1130 foeminae,
1340 1080 1542 1122 obstetrix
1565 1080 1710 1137 utique
1736 1122 1737 1125 ,

357 1156 600 1214 cumprime
623 1153 860 1210 cognoscit,
885 1153 1072 1209 explorat
1089 1152 1292 1209 vagitum,
1312 1166 1395 1209 quo
1418 1151 1503 1194 nati
1526 1151 1606 1193 vita
1626 1152 1711 1195 col·
1734 1170 1737 1210 j

356 1228 514 1285 ligitur,
541 1224 717 1267 attendit
738 1231 880 1264 utrum
902 1224 1112 1264 masculus
1135 1223 1206 1271 sit,
1234 1238 1286 1264 an
1307 1222 1489 1264 soemina.
1513 1222 1629 1273 Quot
1650 1221 1711 1263 vis
1734 1239 1737 1244 ’

357 1298 466 1342 inter
482 1297 555 1338 has
578 1310 714 1336 moras
731 1293 942 1350 praeterire
965 1301 1177 1334 momenta
1192 1292 1209 1333 9
1224 1293 1338 1334 Pone
1360 1291 1714 1334 mathematicum
1733 1295 1736 1331 ὲ

358 1375 651 1428 praeparatum.
669 1364 883 1420 ‘Numquid
892 1371 1030 1420 potest
1045 1363 1106 1404 vir
1123 1363 1163 1403 in
1171 1370 1323 1404 teresse
1339 1363 1562 1420 puerperio
1572 1362 1590 1404 Ρ
1601 1363 1714 1404 Dum
1732 1394 1735 1410 ,

359 1439 531 1482 mandat
557 1434 780 1483 obstetrix,
816 1434 931 1475 audit
967 1433 1185 1475 Chaldaeus
1206 1465 1216 1481 ‚
1247 1433 1366 1491 ponit
1391 1423 1735 1489 horoscopiunni

360 1508 403 1550 in
427 1505 594 1549 alterius
612 1513 767 1546 sortem
783 1503 868 1560 jam
891 1503 978 1545 nati
993 1503 1074 1545 sata
1097 1503 1357 1561 migrarunt,
1384 1504 1435 1545 de
1457 1504 1588 1545 altero
1607 1513 1734 1560 quae-5

360 1578 489 1626 ritur,
521 1584 563 1618 et
593 1574 761 1617 alterius
790 1574 982 1631 genitura
1009 1574 1271 1631 proponitur.
1309 1574 1422 1616 Pone
1453 1588 1594 1616 veram
1625 1564 1733 1625 esse}

359 1663 506 1691 eorum
528 1647 768 1705 opinionem
796 1646 846 1687 de
868 1645 1131 1687 nativitatum
1156 1645 1475 1687 necessitatibus
1489 1677 1499 1693 ,
1530 1659 1616 1686 non
1638 1632 1733 1707 po-43

362 1728 442 1762 test
470 1734 567 1761 ποια
594 1733 683 1760 esse
711 1716 916 1759 collectio·
949 1716 1109 1758 Puncta
1141 1724 1387 1764 transeunt,
1418 1715 1524 1772 sugit
1550 1722 1733 1779 tempusa*

363 1805 420 1832 1r1
423 1804 537 1847 ep‘u
527 1788 648 1830 abile.
678 1786 771 1829 Non
793 1794 855 1828 est
876 1786 1053 1828 dubium
1071 1787 1184 1842 quod
1206 1793 1371 1843 tempus
1388 1785 1430 1826 in
1453 1794 1593 1826 atomo
1616 1793 1657 1826 et
1674 1784 1732 1827 in}

360 1868 579 1903 momento
601 1857 712 1900 oculi
734 1856 798 1898 sit.
821 1856 1021 1898 Adducor
1040 1864 1085 1897 ut
1105 1857 1299 1904 credam,
1322 1856 1489 1912 quando
1513 1869 1658 1896 omnes
1675 1842 1731 1921 in}

364 1939 522 1978 atomo,
546 1929 588 1970 in
609 1934 841 1975 momento,
868 1926 909 1967 in
926 1926 1013 1968 ictu
1034 1926 1147 1968 oculi
1168 1925 1489 1974 resuscitamur,
1514 1932 1561 1966 ut
1581 1909 1730 1981 Apos-}

362 2002 472 2045 tolus
494 2006 753 2057 protestatur
783 1997 959 2039 dicens:
1001 2013 1016 2034 α
1046 1996 1157 2038 Ecce
1188 1995 1434 2053 mysterium
1458 1994 1575 2037 vobis
1605 1987 1730 2054 dico-j

363 2090 380 2111 n
394 2070 552 2114 Omnes
575 2068 745 2125 quidem
768 2081 1060 2123 resurgemus;
1085 2081 1169 2107 non
1196 2081 1340 2108 omnes
1364 2074 1504 2108 autem
1525 2064 1729 2132 immuta-5¹

364 2140 554 2188 »bimum
576 2138 618 2180 in
641 2146 804 2186 atomo,
830 2136 873 2179 in
895 2144 1110 2178 momento
1132 2135 1265 2185 oculi,
1285 2136 1326 2178 in
1344 2135 1566 2178 novissima
1581 2135 1683 2177 tuba
1702 2143 1728 2186 εξ

363 2229 380 2250 n
394 2217 516 2252 canet
541 2207 653 2250 enim
676 2207 799 2255 tuba,
819 2214 861 2248 et
881 2205 1037 2248 mortui
1062 2213 1284 2263 resurgent
1306 2204 1566 2262 incorrupti,
1585 2212 1628 2247 et
1643 2190 1728 2271 nos}

330 2329 332 2331 ‚
364 2278 715 2322 »immutabimur
743 2276 773 2319 ⁵.
805 2295 821 2316 »
861 2277 977 2319 Inter
1005 2276 1276 2324 effusionem,
1307 2284 1351 2318 et
1376 2275 1687 2334 susceptionem
1704 2305 1726 2336 ,ἱ

364 2348 752 2407 depositionemque
784 2347 994 2404 pignoris,
1017 2346 1127 2389 inter
1155 2346 1303 2389 fletum
1336 2345 1426 2402 ejus
1451 2353 1494 2388 et
1523 2344 1726 2388 nuntium'

364 2427 466 2476 quot
490 2418 619 2460 atomi
645 2417 900 2460 transierunt
920 2417 937 2458 Ξ)
958 2416 1012 2459 Et
1033 2416 1115 2459 hoe
1140 2424 1188 2458 ut
1208 2416 1457 2475 simpliciter
1482 2414 1558 2457 ista
1580 2422 1725 2482 texue·3³
1746 2473 1747 2477 Ἰ

362 2489 456 2532 rim.
479 2489 585 2532 Nam
603 2496 644 2530 et
667 2487 744 2546 ipsi
764 2487 932 2530 vitalem
948 2487 1067 2530 illum
1091 2487 1306 2544 signorum
1329 2484 1553 2529 duodecim
1570 2482 1724 2549 circui-¹
1746 2529 1747 2532 Ἴ

323 2592 325 2595 -
361 2565 454 2602 tum
477 2558 520 2601 in
541 2558 766 2604 duodecim
786 2566 925 2617 partes
947 2556 1139 2603 dividunt
1159 2572 1168 2599 ε
1195 2565 1238 2601 et
1258 2556 1355 2615 quia
1375 2555 1545 2614 triginta
1567 2551 1724 2633 diebusj
1745 2599 1747 2629 1

408 2662 418 2679 ¹
438 2654 515 2689 Cor.
527 2664 580 2690 xv,
598 2655 649 2691 51,
675 2654 728 2687 52.
