1742 3233
450 288 500 314 DE
533 283 744 313 mmmso.
782 283 902 310 mmm
935 281 1047 309 UNUS.
1346 268 1428 311 315

82 360 366 418 unusquisque
382 363 508 404 homo
522 371 583 404 est
601 360 827 419 corporalis
843 393 853 408 ,
873 361 1057 401 secundo
1077 358 1263 401 animalis
1278 393 1288 407 ,
1310 360 1431 401 tertio

81 430 273 486 spiritalis
294 447 302 472 :
324 432 356 472 si
380 432 434 473 ita
455 432 626 490 rapiaris
644 433 697 472 ad
717 431 886 471 tertium
912 431 1065 471 coelum
1082 462 1092 477 ,
1120 437 1164 470 ut
1191 430 1329 470 videas
1350 430 1433 471 sul—

80 514 223 556 gorom
254 502 394 557 gratiae
425 502 617 559 spiritalis
652 501 665 556 (
692 501 878 542 animalis
908 500 1019 540 enim
1052 499 1305 555 homo[quae
1338 508 1434 541 sunt

80 570 244 626 spiritus
267 571 344 612 Dei
365 572 527 630 nescit)
550 581 590 614 et
612 572 704 613 ideo
728 571 837 611 tertii
855 570 946 611 coeli
967 569 1151 610 ascensio
1176 569 1250 610 tibi
1275 577 1336 610 est
1362 585 1433 610 ne-

79 641 270 690 cessaria,
284 643 509 700 utrapiaris
522 643 560 683 in
576 642 835 699 paradisum:
853 640 1114 697 rapierisjam
1127 640 1213 681 sine
1226 640 1428 696 periculo,

77 718 123 752 ut
144 712 274 768 possis
293 712 525 769 dijudicare
543 712 679 754 omnia
693 744 702 759 ‚
723 711 817 768 quia
841 710 1032 768 spiritalis
1057 709 1257 766 dijudicat
1275 709 1430 757 omnia,

77 778 163 839 ipso
185 790 322 839 autem
349 798 369 822 a
390 782 558 823 nemine
582 780 848 838 dijudicatur.
877 781 929 821 Et
954 779 1126 821 sortasse
1147 779 1263 836 quasi
1291 779 1430 820 adhuc

75 848 257 906 fragilis,
295 851 435 893 audies
463 852 589 893 verba
619 851 843 893 ineffabilia
876 866 965 907 quae
1001 865 1085 891 non
1115 850 1238 891 liceat
1271 849 1431 890 homini

75 919 190 974 loqui
210 935 219 960 ε
245 928 286 961 et
309 929 409 962 tunc
433 923 546 977 quod
569 921 779 978 acceperis
802 928 1037 967 reservato,
1057 928 1098 961 et
1119 922 1231 976 quod
1254 919 1432 960 audieris

76 990 296 1031 custodito.
341 991 492 1031 Paulus
539 992 747 1048 apostolus
796 990 1057 1031 custodiebat
1094 1004 1144 1029 nc
1181 989 1393 1030 laberetur
1418 1021 1429 1037 ,

73 1060 139 1099 vel
166 1060 264 1100 alios
287 1068 399 1101 certe
421 1060 576 1102 faceret
598 1060 783 1102 errare&
811 1060 894 1101 Aut
912 1059 1083 1100 sortasse
1100 1058 1192 1099 ideo
1213 1058 1313 1099 dicit
1324 1058 1433 1098 Pau-

73 1129 162 1170 lus:
193 1133 215 1166 «⁷
235 1129 339 1180 Quae
362 1145 445 1170 non
468 1130 592 1171 liccat
617 1129 779 1171 homini
804 1129 919 1185 loqui
941 1128 954 1148 ²
976 1145 987 1176 3
1015 1146 1030 1166 »
1062 1127 1158 1184 quia
1180 1135 1269 1168 erat
1292 1127 1429 1169 adhuc

73 1197 114 1238 in
138 1201 313 1255 corpore
335 1200 600 1249 constitutus,
618 1200 700 1241 hoc
713 1208 791 1247 est,
810 1200 978 1240 videbat
998 1198 1112 1240 istius
1136 1198 1324 1254 corporis
1340 1213 1431 1254 pas-

73 1266 223 1317 siones,
254 1269 421 1311 videbat
443 1271 578 1327 legem
603 1271 738 1311 carnis
762 1285 844 1311 suae
868 1276 1170 1326 repugnantem
1184 1268 1263 1325 legi
1279 1268 1430 1309 mentis

73 1336 171 1380 suae.‘
209 1340 298 1381 Hoc
332 1341 443 1382 enim
478 1343 588 1382 malo
618 1340 791 1397 intelligi
810 1333 825 1388 Α,
863 1356 916 1382 ne
955 1340 1173 1381 videamur
1201 1340 1427 1395 quemdam

72 1410 212 1467 adhuc>
229 1411 357 1453 futuri
375 1412 548 1469 periculi
570 1412 729 1468 jactare
746 1421 963 1453 terrorem.
982 1411 1024 1452 Si
1046 1410 1158 1451 enim
1175 1412 1241 1451 vel
1257 1418 1427 1467 propter

71 1479 179 1520 hanc
202 1480 328 1522 vitam
354 1481 574 1530 securitas,
598 1490 644 1523 ut
667 1483 804 1522 nullos
831 1479 1185 1538 praevaricationis
1206 1479 1428 1536 posthanc

69 1549 218 1591 futurae
241 1551 410 1607 laqueos
428 1551 725 1592 formidemus:
750 1566 848 1607 ergo
871 1550 1127 1606 quicumque
1144 1548 1268 1590 fuerit
1295 1548 1336 1589 in
1360 1564 1428 1605 pa-

52 1620 206 1661 'r'adiso
245 1611 485 1662 ascensio-ne
515 1622 645 1663 virtus
678 1621 819 1662 audiet
845 1620 1043 1677 mysteria
1067 1619 1142 1661 Dei
1175 1634 1324 1660 arcana
1357 1619 1424 1659 illa

71 1698 195 1750 atque
223 1694 381 1733 secreta
408 1706 418 1732 τ
458 1691 599 1733 audiet
633 1692 843 1733 dicentem
875 1690 1104 1752 pominum
1135 1698 1334 1745 tanquam
1364 1690 1425 1729 la-

69 1760 179 1801 trotii
197 1760 255 1802 illi
274 1776 294 1801 a
319 1763 475 1803 scelere
499 1764 550 1803 ad
573 1762 877 1803 consessionem
895 1794 904 1809 ,
925 1768 967 1802 et
988 1762 1039 1802 ad
1060 1759 1188 1801 fidem
1211 1774 1232 1800 a
1254 1759 1425 1801 latroci-

69 1829 138 1871 nio
160 1831 392 1872 revertenti
414 1846 423 1872 :
462 1848 478 1869 «
499 1831 633 1873 Hodie
655 1847 824 1873 mecum
846 1831 926 1872 eris
948 1831 990 1872 in
1011 1830 1202 1887 paradiso
1224 1828 1253 1871 ².
1281 1848 1297 1867 »

115 1966 124 1980 ¹
146 1958 181 1990 S.
206 1958 339 2000 August.
363 1959 386 1991 l.
413 1971 450 1992 11.
479 1965 589 1992 contra
607 1959 770 1992 Juiianum
789 1959 854 1991 Pel.
874 1970 902 1991 c.
921 1970 1007 1991 v.—
1024 1965 1081 2003 ²³33
1098 1958 1178 1996 Cor.
1195 1968 1245 1988 κη
1259 1980 1268 1997 ,
1285 1956 1321 1992 6,
1338 1968 1367 1998 7.
1385 1975 1423 1981 —-

71 2014 84 2035 3
102 2012 178 2045 Luc.
195 2024 293 2052 xxm,
310 2012 363 2051 45.
