1742 3233
321 271 408 316 620
826 285 1161 318 ANNo'rATmNEs.

707 459 949 489 ANNOTATIO
985 444 1045 503 (4)
1081 460 1175 504 pag.
1213 447 1282 503 59.

376 598 566 656 Cognitio
589 599 656 642 hic
681 601 794 643 idem
815 611 877 644 est
901 617 948 644 ac
976 603 1180 645 sententia
1205 611 1246 645 et
1265 602 1494 660 judicium,
1520 618 1670 660 quem-

319 668 547 712 admodum
567 669 757 727 cognitor
774 670 902 727 judex
923 680 1008 721 est,
1038 681 1080 714 ct
1103 688 1357 731 cognoscere
1371 707 1382 723 ,
1401 673 1607 731 judicare.

701 864 944 893 ANNOTATlo
981 850 1042 909 (5)
1076 868 1170 910 pag.
1210 852 1282 895 68.

374 1032 633 1089 Catadupa,
664 1042 761 1074 sunt
793 1033 873 1076 Nili
903 1041 1150 1083 cataractae,
1178 1035 1229 1077 de
1255 1032 1408 1091 quihus
1437 1032 1589 1077 Cicero
1613 1035 1671 1077 lo-

314 1103 454 1161 quitur
476 1104 518 1147 in
535 1103 710 1147 Somnio
731 1103 954 1161 Scipionis.

712 1278 954 1309 ANNOTATIO
991 1263 1051 1323 (6)
1088 1281 1178 1322 pag.
1217 1281 1285 1322 75.

375 1431 479 1482 Quae
504 1436 736 1486 sequuntur
755 1444 888 1487 graeca
911 1429 1058 1477 verba,
1083 1429 1137 1471 ita
1159 1429 1332 1472 confuse
1349 1429 1608 1480 scribuntur,
1627 1439 1674 1472 ut

316 1517 336 1542 a
358 1501 526 1542 nemine
548 1515 695 1542 eorum
709 1532 720 1548 ‚
747 1515 850 1556 quos
872 1499 1160 1541 consuluimus
1174 1532 1184 1548 ,
1210 1499 1289 1557 legi
1310 1499 1537 1556 potuerint.
1567 1498 1674 1541 Sub-

314 1573 538 1613 odoramur
561 1580 700 1613 tamen
724 1586 798 1628 per
821 1570 912 1613 haec
935 1570 1128 1612 nonnihil
1149 1571 1201 1612 de
1219 1569 1419 1612 divisione
1438 1569 1533 1613 coeli
1551 1585 1572 1612 a
1591 1570 1672 1612 cir—

313 1643 408 1684 culo
429 1641 646 1685 horizonte
664 1641 825 1700 signata
847 1640 1039 1682 indicari.

747 1811 990 1840 ANNOTATIO
1028 1796 1089 1854 (ς)
1129 1797 1231 1839 ibid.

371 1965 448 2008 Hic
479 1964 703 2022 significari
736 1965 920 2023 Angelos
949 1966 1060 2007 clare
1087 1965 1322 2007 ostenditur
1343 1979 1394 2006 ex
1417 1963 1668 2014 Ambrosio,

312 2037 381 2079 lib.
406 2053 442 2084 1,
468 2038 519 2078 tle
550 2036 901 2093 Interpretatione
931 2050 965 2077 c.
993 2050 1033 2091 9.
1071 2036 1231 2077 Eadem
1258 2034 1507 2092 metaphora
1543 2040 1671 2077 'usum

314 2107 493 2165 reperies
516 2107 688 2149 beatum
718 2106 824 2155 J0b‚
850 2121 1001 2155 xxvm,
1030 2121 1094 2148 21.
1130 2105 1290 2149 Vide-sis
1318 2107 1499 2164 glossam
1524 2104 1664 2148 interl.

312 2180 364 2220 ad
385 2179 511 2222 istum
536 2180 692 2221 locum.

689 2345 931 2373 ΑΝΝΟΤΑΤῙΟ
969 2330 1028 2388 (8)
1066 2345 1158 2388 pag.
1202 2331 1295 2380 104.

370 2478 519 2520 Putris
539 2477 664 2536 gleba
681 2512 692 2529 ‚
714 2479 756 2524 id
786 2488 872 2528 est,
898 2479 1108 2528 solubilis,
1136 2487 1183 2521 ut
1201 2479 1310 2537 Virg.
1335 2479 1487 2538 Georg.
1515 2480 1586 2522 lib.
1611 2496 1624 2522 1
1651 2495 1660 2522 ε

341 2580 734 2592 .........
772 2550 832 2592 Et
851 2549 1038 2608 zephyro
1058 2550 1204 2607 putris
1228 2565 1271 2592 se
1291 2550 1416 2609 gleba
1437 2551 1571 2594 resolv
1580 2551 1627 2593 ic.

369 2620 547 2663 occatio
568 2628 729 2672 autem,
753 2620 1026 2666 comminutio
1048 2621 1283 2678 glebarum.

1622 2676 1643 2691 q
