1747 3260
475 279 765 306 nEXAmmnoN.
803 279 883 306 Lm.
924 279 984 305 111.
1353 264 1411 321 89

51 364 226 399 terrenae
257 353 538 396 soecunditatis
575 354 826 412 impediant3
852 363 1107 412 cognoscant
1131 354 1255 412 igitur
1279 355 1410 396 divini

49 441 139 468 esse
156 425 370 483 praecepti,
396 424 733 482 operationisque
755 424 946 466 coelestis.
975 423 1044 466 Ait
1068 424 1181 465 enim
1202 424 1409 466 Dominus

49 512 124 554 per
144 496 301 553 nubem
324 497 376 537 ad
391 495 472 537 ‹Job
494 495 604 536 inter
621 495 697 536 alia
712 494 837 536 etiam
857 496 907 536 de
924 494 1049 535 maris
1069 495 1250 535 claustro
1269 509 1279 535 ε
1297 513 1312 531 «
1325 494 1408 536 Po-

2 583 5 618 ;
49 565 141 607 »sui
164 565 201 606 ei
220 564 339 613 sines,
364 581 576 622 apponens
599 566 779 606 claustra
802 573 843 606 et
867 572 1020 621 portas.
1049 564 1143 606 Dixi
1166 572 1306 605 autem
1330 564 1367 605 ei
1393 580 1403 605 :

47 635 215 690 »Usque
233 634 315 676 huc
334 634 474 676 venies
489 667 498 682 ,
519 650 595 676 nec
622 633 954 691 transgredieris,
976 635 1046 675 sed
1071 634 1112 675 in
1130 642 1169 676 te
1192 634 1280 692 ipso
1304 649 1408 675 con-

46 722 62 744 »
78 711 267 745 terentur
283 703 435 746 [luctus
457 704 555 745 tui¹.
578 724 592 743 »
608 704 755 747 Nonne
773 704 847 761 ipsi
866 704 1053 745 videmus
1075 719 1190 745 mare
1207 704 1409 760 frequen-

46 781 109 816 ter
128 775 335 815 undosum
354 807 365 823 ,
395 774 450 815 ita
471 783 515 816 ut
538 774 580 815 in
609 777 740 817 altum
761 775 915 816 fluctus
942 774 1032 831 ejus
1059 782 1258 831 tanquam
1285 789 1406 816 mons

46 859 162 901 aquae
183 853 417 902 praeruptus
441 845 643 902 insurgat,
669 846 740 887 ubi
766 846 969 903 impetum
994 861 1116 886 suum
1146 846 1197 886 ad
1219 844 1334 886 littus
1363 845 1409 887 il-

44 914 198 963 liserit,
219 915 259 956 in
287 930 456 973 spumas
485 916 650 964 resolvi,
676 916 884 974 repagulis
902 916 1152 972 quibusdam
1169 930 1303 956 arenae
1321 915 1405 956 hu-

44 985 155 1026 milis
182 1000 505 1042 repercussum,
534 988 767 1028 secundum
798 988 912 1042 quod
942 986 1146 1043 scriptum
1170 993 1232 1026 est
1256 1000 1298 1026 t«
1322 984 1407 1026 Aut

0 1069 1 1095 ῑ
45 1070 161 1096 »non
187 1055 387 1096 timebitis
408 1072 490 1104 me,
512 1056 613 1097 dicit
629 1057 832 1098 Dominus
847 1089 856 1104 ,
879 1056 948 1112 qui
969 1056 1089 1113 posui
1113 1070 1281 1096 arenam
1302 1052 1409 1095 fines

42 1125 218 1167 »mari².
247 1145 262 1164 »
278 1125 565 1167 Infirmissimo
584 1127 723 1182 itaque
746 1126 932 1167 omnium
959 1126 1048 1168 vilis
1076 1125 1288 1167 sabulonis
1311 1125 1410 1181 pul-

42 1211 138 1238 vere
160 1196 220 1237 vis
242 1196 367 1237 maris
385 1196 635 1254 intempesta
659 1197 898 1245 cohibetur,
924 1205 965 1238 et
988 1198 1100 1237 velut
1117 1194 1290 1237 habenis
1308 1193 1405 1250 qui-

43 1265 223 1307 busdam
250 1266 431 1307 coelestis
454 1266 618 1324 imperii
654 1267 897 1324 prsescripto
925 1266 1002 1308 sibi
1040 1265 1122 1307 fine
1152 1272 1401 1311 revocatur,

41 1336 297 1393 violentique
318 1337 495 1393 aequoris
522 1345 661 1379 motus
696 1339 738 1379 iu
762 1354 850 1379 sese
877 1338 1105 1396 frangitur,
1133 1345 1256 1393 atque
1278 1335 1319 1376 in
1338 1349 1408 1376 re-

43 1408 192 1450 ductos
216 1408 329 1450 sinus
361 1424 456 1450 suos
479 1409 696 1451 scinditur.

100 1478 176 1520 XI.
216 1478 425 1520 Caeterum
458 1479 536 1520 nisi
567 1479 626 1521 xis
664 1480 803 1521 statuti
833 1480 1011 1521 coelestis
1034 1479 1268 1526 inhiberet,
1303 1476 1405 1533 quid

41 1547 226 1589 obstaret
245 1548 345 1604 quin
360 1564 437 1606 per
454 1550 576 1606 plana
591 1549 775 1606 :EgyptL
797 1565 888 1606 quae
906 1549 1086 1590 maxime
1105 1546 1402 1589 humilioribus

37 1617 183 1676 jacens
204 1619 382 1660 vallibus
397 1619 642 1676 campestris
662 1619 875 1668 asseritur,
899 1635 1015 1661 mare
1031 1619 1224 1661 Rubrum
1241 1618 1418 1674 AEgyp-*

41 1687 97 1728 tio
119 1688 268 1745 pelago
296 1688 571 1731 misceretur?
593 1690 783 1746 Denique
809 1691 961 1730 docent
986 1689 1066 1730 hoc
1086 1688 1155 1745 qui
1178 1689 1404 1728 volucrunt

40 1757 130 1799 haee
154 1759 237 1800 duo
261 1760 339 1801 sibi
356 1760 486 1802 maria
509 1768 762 1802 connectere
777 1793 787 1809 ,
816 1769 938 1816 atque
958 1759 1000 1800 in
1024 1774 1065 1800 se
1095 1758 1398 1800 transfundere.

36 1830 239 1873 Sesostris
270 1832 513 1889 :Egyptiuffi
536 1833 607 1888 qui
639 1832 849 1889 antiquior
876 1832 969 1881 suit,
994 1840 1034 1873 et
1054 1831 1203 1873 Darius
1230 1830 1396 1877 Medus,

40 1901 111 1958 qui
129 1901 295 1958 majoris
319 1902 509 1944 contuitu
533 1904 728 1960 potentiae
747 1903 787 1944 in
804 1902 1004 1945 effectum
1019 1901 1149 1944 voluit
1170 1902 1398 1949 adducere,

40 1973 153 2027 quod
173 1972 221 2013 ab
249 1972 442 2030 indigena
463 1973 598 2015 fuerat
623 1982 718 2015 ante
746 1982 968 2015 tentatum.
1005 1973 1109 2024 Quae
1142 1987 1207 2013 res
1241 1970 1398 2012 indicio

36 2044 226 2099 estquod
243 2043 432 2101 superius
446 2052 506 2086 est
527 2060 641 2085 mare
654 2045 864 2091 Indicum,
882 2044 922 2085 in
941 2059 1024 2100 quo
1042 2058 1157 2085 mare
1175 2042 1369 2084 Rubrum
1382 2073 1395 2088 ,

37 2126 162 2168 quam
179 2127 322 2169 aequor
338 2113 582 2171 AEgyptium
600 2116 714 2171 quod
737 2114 907 2157 inferius
926 2114 1055 2156 alluit.
1079 2114 1131 2155 Et
1152 2113 1326 2154 sortasse
1344 2126 1398 2153 ne

36 2181 161 2223 latius
193 2198 236 2224 se
266 2198 382 2225 mare
420 2183 681 2234 effunderet,
716 2187 767 2226 de
798 2185 1082 2243 superioribus
1119 2185 1171 2225 ad
1204 2183 1399 2224 inferiora

36 2251 318 2310 praecipi‘tanS‚
346 2253 439 2296 ideo
461 2255 676 2297 molimina
699 2270 772 2297 sua
794 2271 868 2298 rex
885 2263 1061 2312 uterque
1082 2253 1303 2296 revocavit.

83 2370 95 2386 ¹
111 2362 187 2395 Job.
205 2375 302 2405 xviii,
323 2375 372 2405 10,
397 2377 446 2399 ιι.
466 2385 505 2392 -
528 2375 539 2390 ¹
560 2367 680 2400 Jerem.
698 2378 729 2404 v.
748 2379 797 2399 22.
