1747 3260
1727 54 1729 79 1

1711 56 1715 84 ι

1711 86 1715 185 ἓ

322 272 382 314 68
870 281 901 308 s.
943 281 1134 310 animosa
1712 258 1716 276 ¹

321 361 471 404 secisse
488 358 748 402 cstPFluitat
763 357 888 414 igitur
910 357 989 399 illis
1006 358 1347 415 impossibilitatis
1365 359 1486 408 ratio,
1508 374 1605 402 cum
1630 362 1681 403 de
1713 355 1716 393 Ι
1744 343 1747 367 Ι

326 431 416 475 Deo
447 431 688 488 disputant,
718 427 785 469 cui
815 442 912 468 vere
937 427 1121 470 dicitur:
1154 429 1262 480 Quia
1291 428 1545 486 impossibile
1577 429 1683 472 nihil
1713 412 1717 483 i
1746 419 1747 428 ἵ

323 510 403 543 est.

386 570 453 612 VI.
492 570 722 625 Itaquenos
743 582 828 608 nou
850 569 987 610 solum
1003 570 1256 619 secundum,
1274 571 1348 612 sed
1369 570 1495 613 etiam
1512 569 1684 612 tertium
1714 578 1718 622 ς

326 642 482 684 coelum
500 654 588 680 csse
606 653 758 694 negare
775 653 858 678 non
882 653 1126 694 possumus,
1148 655 1247 681 cum
1270 640 1493 697 Apostolus
1516 648 1685 696 raptum
1714 662 1727 682 ι,

327 725 373 752 se
417 711 469 751 ad
504 708 674 750 tertium
711 709 865 749 coelum
902 709 1154 766 scriptorum
1194 725 1367 752 suorum
1395 708 1688 751 testificatione
1715 697 1726 745 ἶ

328 778 554 821 confirmet
578 777 607 818 ¹.
644 777 775 819 David
804 777 927 819 etiam
960 781 1087 820 coelos
1115 781 1318 821 coelorum
1345 780 1387 821 in
1421 780 1489 822 illo
1513 780 1690 821 laudan-
1716 783 1729 839 ᾗ

332 849 436 891 tium
462 848 689 890 Dominum
714 847 928 889 constituit
949 848 1078 889 choro
1101 848 1133 890 ¹.
1162 849 1301 900 Quem
1330 849 1538 890 imitantes
1559 848 1691 906 philo·

328 920 452 976 sophi
475 919 659 976 quinque
677 919 891 960 stellarum
909 925 949 959 et
966 918 1062 959 solis
1085 925 1126 959 et
1148 919 1274 966 hmae,
1299 918 1521 975 globorum
1544 933 1690 960 conso·
1717 959 1719 964 ,

325 1006 436 1033 num
470 998 633 1031 motum
663 990 1010 1036 introduxerunt,
1044 1003 1222 1044 quorum
1255 986 1430 1029 orbibus
1458 989 1523 1030 vel
1553 988 1690 1046 potius
1716 988 1720 1038 i

333 1060 466 1117 globis
483 1073 669 1099 connexa
691 1065 929 1098 memorant
953 1057 1092 1098 omnia
1109 1091 1118 1106 ,
1143 1072 1247 1113 quos
1269 1057 1346 1098 sibi
1370 1058 1541 1099 innexos
1563 1065 1604 1099 ct
1624 1072 1690 1099 ve·

331 1129 396 1169 lut
424 1128 598 1169 insertos
622 1127 778 1168 versari
811 1135 922 1168 retro
945 1134 986 1168 et
1014 1126 1223 1168 contrario
1253 1127 1412 1169 caeteris
1440 1135 1557 1168 motu
1593 1125 1692 1167 ferri
1718 1122 1719 1165 Ϊ

330 1197 592 1239 arbitrantur
606 1229 616 1245 ,
636 1212 770 1253 coque
795 1197 979 1254 impulsu
1001 1205 1043 1238 ct
1065 1205 1185 1238 motu
1208 1197 1394 1254 ipsorum
1411 1196 1578 1238 orbium
1599 1196 1694 1238 dul-
1718 1183 1721 1226 '-

333 1284 428 1310 cem
452 1269 674 1325 quemdam
696 1276 737 1309 et
766 1269 939 1324 plenum
966 1268 1182 1310 suavitatis
1210 1277 1334 1325 atque
1357 1268 1455 1310 artis
1479 1276 1520 1310 et
1544 1267 1694 1325 gratis-

331 1340 425 1382 simi
449 1338 744 1381 modulaminis
768 1353 918 1379 sonum
942 1338 1086 1387 reddi,
1113 1339 1312 1394 quoniam
1342 1339 1491 1380 scissus
1514 1341 1585 1380 ae'r
1608 1345 1694 1380 tam
1718 1377 1720 1383 ,

332 1408 482 1450 artifici
500 1417 617 1450 motu
633 1441 643 1457 ,
660 1416 700 1450 et
719 1416 840 1449 acuta
860 1423 956 1449 cum
974 1407 1169 1465 gravibus
1187 1415 1462 1465 temperante,
1483 1407 1535 1448 ita
1560 1407 1695 1448 varios

325 1479 593 1535 ¹ccquabiliter
616 1486 844 1519 concentus
867 1477 1045 1526 efficiat,
1081 1486 1126 1520 ut
1158 1493 1328 1519 omnem
1354 1475 1695 1535 supergrediatur
1718 1488 1721 1505 ¹

334 1549 483 1591 musici
506 1548 700 1590 carminis
725 1548 985 1589 suavitatem.

393 1618 480 1660 VII.
516 1618 651 1674 Hujus
677 1618 736 1659 rei
759 1617 886 1660 fidem
921 1618 952 1659 si
978 1618 1163 1674 requiras
1195 1626 1320 1674 atque
1346 1625 1540 1675 expectes
1572 1622 1721 1661 sensu!

334 1688 457 1730 nobis
489 1696 530 1729 ct
562 1688 704 1729 auditu
734 1688 929 1744 probari,
959 1687 1164 1730 haesitaut.
1196 1688 1300 1730 Nam
1329 1688 1362 1730 si
1393 1703 1490 1729 vera
1521 1687 1660 1729 forent
1683 1685 1722 1736 ‚¹

340 1760 554 1815 quomodo
586 1766 699 1799 tanto
730 1766 848 1799 motu
872 1757 1040 1798 orbium
1064 1766 1344 1815 concrepante
1362 1790 1373 1806 ,
1404 1773 1502 1800 cum
1530 1757 1598 1798 ille
1620 1758 1722 1814 cte-t

340 1829 454 1872 lestis
476 1830 587 1871 orbis
605 1862 615 1877 ,
642 1829 708 1871 cui
735 1828 877 1870 affixos
901 1829 1041 1870 ferunt
1072 1831 1287 1871 stellarum
1312 1844 1458 1870 cursus
1478 1863 1488 1878 ,
1517 1828 1588 1885 qui
1613 1827 1701 1869 sine
1719 1819 1732 1877 ἦ

340 1900 650 1942 intermissione
673 1901 913 1947 volvuntur,
942 1899 1262 1941 concitatiorem
1288 1899 1442 1940 habeat
1467 1895 1723 1951 conversio-i

345 1985 443 2012 nom
468 1978 590 2027 atque
618 1977 786 2011 acutum
803 1984 953 2011 sonum
977 1969 1156 2018 excitet,
1182 1969 1249 2011 hic
1273 1977 1414 2011 autem
1435 1963 1596 2010 lunaris
1614 1959 1724 2036 ἕνα-ξ

345 2040 562 2083 vissimum
580 2073 590 2089 ,
620 2055 705 2081 nou
724 2040 940 2081 audiretur
958 2056 978 2081 a
997 2039 1118 2081 nobis
1137 2072 1146 2086 ,
1173 2054 1270 2080 cum
1293 2039 1448 2081 leviora
1471 2038 1617 2080 audire
1643 2052 1723 2094 so-'³

347 2110 542 2152 leamusi'
589 2111 736 2152 Fidem
777 2125 876 2168 ergo
918 2109 1009 2167 ejus
1050 2109 1343 2167 disputationis
1385 2110 1418 2151 si
1470 2107 1725 2169 testimonio}

346 2174 495 2223 nostro'
530 2189 570 2222 et
611 2180 776 2221 auditus
811 2194 987 2221 munere
1024 2180 1238 2237 exigamus
1268 2179 1476 2237 probari,
1525 2177 1723 2239 referunt}

341 2251 618 2294 obsurduisse
643 2265 762 2291 aures
796 2257 957 2292 nostras
979 2282 989 2298 ,
1021 2257 1063 2291 et
1094 2249 1357 2291 hebetiorem
1388 2247 1510 2291 nobiS
1539 2252 1724 2309 semumt

344 2320 549 2364 audiendi
578 2320 735 2362 sactum
758 2354 767 2369 ,
796 2327 967 2378 propter
990 2320 1100 2362 illam
1126 2335 1146 2361 a
1169 2320 1377 2378 principio
1407 2327 1559 2361 nostrae
1582 2315 1724 2376 gene-}

349 2392 527 2434 rationis
558 2391 751 2448 concepti
790 2391 948 2432 sonitus
985 2391 1348 2433 consuetudinem.
1389 2391 1442 2433 Et
1473 2389 1724 2446 exemplum}

351 2462 561 2510 afferunt,
586 2476 635 2503 eo
658 2462 772 2517 quod
791 2461 907 2504 Nilus
923 2460 1148 2503 fluviorum
1171 2460 1378 2503 maximus
1396 2492 1408 2509 ,
1434 2458 1484 2502 eo
1518 2458 1724 2525 videlicet}

1562 2528 1580 2542 ,ν

349 2532 536 2577 Ξοοοιὼί
563 2547 605 2573 se
635 2547 685 2573 ex
704 2530 910 2573 altissimis
925 2531 1140 2574 montibus
1161 2531 1203 2574 in
1229 2530 1446 2588 Catadupa
1463 2527 1724 2586 illa(o)prae-3

386 2634 413 2654 »ί
436 2637 452 2661 2
466 2626 543 2659 Cor.
558 2637 613 2662 κη,
630 2637 708 2657 3.-
725 2635 736 2649 ²
755 2625 838 2660 Psal.
854 2635 993 2660 cxu'm.
