1742 3233
376 261 459 317 328
920 287 950 315 s,
990 276 1178 316 Aunnosn'

374 361 588 409 Abraham
630 359 866 407 deducebat
910 364 1094 422 hospites
1110 392 1122 413 ³
1165 362 1217 406 ad
1247 360 1515 405 humanitatis
1548 355 1722 421 gratiani

376 435 554 479 addebat
571 429 783 492 obsequia.
809 435 914 478 Nan]
938 433 1163 476 Sodomitae
1191 447 1266 491 pro
1287 430 1450 491 pietatis
1473 432 1621 476 officiis
1641 432 1722 477 im·-

371 504 561 564 puritatis
584 503 793 564 augebant
808 504 976 563 flagitia.
1421 520 1426 523 ·
1701 563 1704 566 ἱ

429 575 557 620 XLV.
603 595 619 615 «
646 577 738 620 Non
760 577 907 619 celabo
924 608 935 625 ,
958 574 1117 631 inquit,
1147 573 1358 616 Abraham
1379 589 1558 632 puerum
1578 577 1721 618 meutt'x'

370 662 492 704 »quae
517 660 593 703 ego
624 645 774 687 faciam
805 645 835 686 ¹.
865 663 882 684 »
925 645 1075 687 Scnilis
1103 645 1249 700 utique
1275 645 1406 686 aetatis
1435 644 1648 687 Abraham
1677 644 1721 686 in

371 716 655 773 superioribus
673 714 891 771 Scriptura
918 715 1117 772 signavit,
1141 715 1236 771 quia
1259 715 1484 772 nonaginta
1504 724 1546 756 et
1570 727 1721 757 novem

366 784 638 842 processisset
668 798 827 824 annos:
858 786 1071 840 quomo-do
1103 784 1217 825 hunc
1245 799 1423 841 puerum
1459 784 1560 826 dicit
1589 783 1607 825 ἱ)
1637 783 1722 827 Sed

368 871 466 897 cum
492 855 782 896 immemorem
810 855 1059 902 senectutis,
1099 856 1406 911 exploratorem
1444 855 1718 903 indefessum,

367 941 494 967 cursu
512 924 753 982 impigrum,
775 924 910 965 standi
927 923 1293 980 patientissimum,
1315 925 1551 971 deducendi
1567 925 1721 966 studio-

364 995 572 1037 sissimum
593 993 855 1051 expresserit,
884 1009 1025 1035 nonne
1047 995 1272 1036 convenire
1294 1009 1449 1036 nomen
1471 996 1591 1051 pueri
1609 994 1719 1037 vide-

364 1072 433 1106 tur
454 1063 599 1106 officiis
617 1063 634 1104 P
655 1064 801 1105 Merito
824 1079 929 1121 puer
952 1064 1128 1114 dicitur,
1154 1065 1225 1121 qui
1248 1065 1376 1106 senile
1402 1065 1615 1106 nesciebat
1634 1065 1719 1106 sas-

362 1135 535 1182 tidium,
573 1133 762 1191 pueritiae
794 1134 1079 1176 innocentiam
1117 1142 1159 1176 et
1196 1134 1445 1191 obsequium
1485 1134 1710 1176 deferebat.

357 1203 492 1245 Datur
508 1203 648 1258 itaque
662 1201 686 1243 J
691 1210 782 1243 usto
799 1203 1104 1244 benedictionis
1122 1204 1252 1260 gratia
1266 1236 1278 1253 ,
1299 1212 1341 1246 ct
1361 1203 1617 1261 posteritatis
1635 1202 1716 1245 hee-

361 1273 528 1315 reditas.

415 1342 527 1385 XLV
531 1343 561 1383 I.
600 1341 771 1385 Offensa
785 1350 924 1384 autem
940 1350 1212 1398 pcccatorum
1229 1342 1463 1400 exponitur.
1492 1359 1508 1380 α
1527 1340 1711 1392 Clamor,

356 1431 372 1453 »
387 1413 543 1470 inquit,
574 1412 856 1455 Sodomorum
884 1422 926 1454 et
954 1412 1201 1454 Gomorrhae
1230 1413 1425 1471 impletus
1447 1413 1479 1456 ².
1512 1431 1527 1453 »
1565 1413 1712 1470 Magna

354 1482 525 1525 Domini
555 1482 777 1540 patientia,
805 1491 853 1524 ut
878 1498 963 1524 non
986 1482 1125 1524 statim
1148 1491 1415 1539 peccatorem
1445 1483 1613 1540 puniat,
1640 1485 1714 1525 sed

355 1553 426 1594 diu
447 1551 611 1594 differat
633 1559 854 1609 expectans
874 1552 1180 1594 correctionem
1200 1569 1211 1600 3
1231 1567 1310 1594 nec
1327 1560 1643 1595 commoveatur
1659 1553 1713 1595 ad

352 1622 642 1664 ulciscendum
658 1654 668 1669 ,
692 1622 770 1663 nisi
798 1629 996 1679 peccator
1023 1637 1264 1663 mensuram
1293 1623 1480 1664 excedat.
1522 1623 1645 1664 Unde.
1669 1630 1711 1664 et

351 1691 557 1734 Dominus
584 1692 708 1734 Jesus
739 1692 780 1733 in
810 1693 1036 1749 Evangelio
1066 1694 1118 1734 ad
1151 1692 1321 1734 Judaeos
1354 1692 1410 1734 ait
1434 1706 1444 1734 ε
1488 1709 1504 1730 ι(
1532 1692 1710 1749 Implete

350 1780 365 1801 »
380 1777 621 1804 mensuram
640 1769 807 1819 patrum
830 1771 1065 1804 vestrorum
1082 1761 1118 1803 ³.
1147 1781 1162 1801 n

409 1820 603 1874 XLVII?
623 1850 639 1870 «
655 1832 920 1874 Descendam
939 1832 1094 1889 itaque,
1113 1840 1161 1874 ut
1182 1833 1347 1874 videam
1367 1832 1600 1875 secundum
1620 1832 1708 1874 cla-

350 1916 543 1942 »morem
568 1900 735 1942 illorum
751 1901 988 1943 venientem
1013 1903 1065 1943 ad
1089 1917 1182 1950 me,
1208 1902 1241 1943 si
1265 1902 1671 1944 consummabuntur
1693 1916 1703 1943 :

352 1992 367 2012 »
382 1972 445 2014 sin
463 1979 601 2012 autem
616 2003 625 2018 ‚
644 1978 690 2012 ut
710 1971 838 2012 sciam
862 1971 890 2013 ¹⁸.
915 1990 930 2009 »
960 1972 1053 2014 Non
1074 1972 1294 2029 ignorabat
1309 1973 1513 2014 Dominus
1533 1978 1705 2029 peccata

351 2041 633 2082 Sodomorum
660 2056 668 2081 ε
704 2042 775 2082 sed
805 2049 977 2098 propter
1006 2049 1046 2083 te
1078 2042 1371 2084 instruendum
1400 2043 1528 2086 verba
1556 2041 1706 2098 hujus-

347 2110 462 2153 modi
474 2110 750 2166 loquebatur3
768 2117 815 2149 ut
828 2117 875 2149 tu
895 2111 1066 2167 propius
1079 2112 1278 2153 scruteris
1295 2126 1444 2153 eorum
1462 2110 1701 2159 commissa,

348 2180 391 2221 in
411 2195 514 2236 quos
535 2178 836 2220 vindicandum
863 2179 1087 2220 arbitraris.
1127 2198 1142 2217 «
1163 2181 1427 2222 Descendam
1442 2211 1453 2227 ,
1473 2178 1632 2234 inquit,
1657 2186 1704 2220 ut
1738 2161 1742 2227 Ι

348 2251 562 2298 »vidcam,
582 2268 597 2288 »
630 2248 712 2290 hoc
734 2256 819 2298 est,
848 2249 973 2290 etiam
996 2256 1042 2289 tu
1071 2249 1324 2290 descendere
1351 2264 1471 2296 cura,
1496 2249 1702 2289 descende
1738 2229 1742 2277 Ῑ

347 2321 551 2378 indaginis
572 2319 709 2361 studio
726 2335 736 2367 ;
752 2334 805 2359 ne
829 2318 929 2375 quid
952 2319 1002 2361 sit
1025 2321 1139 2375 quod
1158 2319 1287 2368 sallat,
1315 2327 1385 2365 ant
1405 2320 1532 2361 lateat
1549 2317 1703 2359 absen-
1739 2281 1742 2337 i

346 2400 431 2433 tem
452 2408 463 2439 ;
487 2398 535 2432 ut
561 2389 692 2431 oculis
715 2388 876 2430 facinus
901 2388 1199 2446 deprehendas.
1227 2389 1401 2430 Eminus
1425 2386 1548 2445 positi
1568 2388 1700 2429 multa

319 2447 322 2450 ¹
343 2460 503 2503 nescire
522 2466 709 2518 possunt.
733 2458 872 2509 Quem
889 2459 1116 2500 clamorem
1131 2466 1272 2500 autem
1291 2457 1364 2507 ait,
1382 2456 1461 2498 nisi
1476 2456 1584 2498 sorte
1601 2455 1699 2512 quia

387 2578 400 2592 ¹
432 2568 518 2602 Gen.
538 2567 641 2611 xvin,
670 2578 719 2611 ¹7·
740 2583 782 2594 --
804 2574 818 2591 ¹
845 2565 934 2600 Ibide
957 2576 1006 2599 20.
1032 2582 1073 2590 —-
1099 2567 1113 2589 ³
1141 2565 1263 2599 Matth.
1294 2575 1400 2603 xxm,
1428 2564 1482 2599 32.
1504 2581 1545 2590 --
1569 2564 1584 2592 ⁴
1611 2555 1717 2598 Gens
1740 2591 1742 2601 ,

344 2632 428 2659 xvm
441 2645 452 2661 ‚
471 2633 520 2655 αι.
