1747 3260
478 256 766 286 HEXAEMERON.
804 256 884 284 Lm.
923 257 951 284 1.
1334 245 1388 289 33

35 338 120 381 tiva
141 335 342 394 principia
365 335 486 384 coelo,
513 349 560 377 ac
581 334 700 376 terris
723 335 887 384 darent,
903 350 993 391 quae
1018 344 1064 378 ut
1086 336 1260 379 fortuito
1284 351 1390 380 con-

39 407 339 465 jungerentur,
360 406 415 448 ita
431 404 602 446 fortuito
627 419 675 446 ac
698 413 856 446 temere
879 405 1224 455 dissolverentur,
1247 407 1326 448 nisi
1348 408 1390 449 in

34 478 103 520 sui
125 476 415 535 gubernatoris
436 474 574 517 divina
602 475 755 516 virtute
777 483 1030 517 constarent.
1074 476 1160 518 Nec
1183 476 1392 519 immerito

38 547 364 604 gubernatorem
376 545 584 593 nesciunt,
597 544 667 601 qui
685 559 770 585 non
787 553 994 586 noverunt
1006 544 1159 594 Deum,
1175 562 1251 603 per
1267 562 1393 603 quem

36 616 180 657 omnia
202 624 404 672 reguntur
423 622 465 656 et
481 614 781 672 gubernantur.
804 612 1040 669 Sequamur
1059 629 1158 671 ergo
1183 630 1297 664 eum,
1323 616 1393 671 qui

31 692 82 726 et
112 693 327 726 auctorem
350 684 464 727 novit
479 716 490 733 ,
514 691 558 726 et
582 683 907 741 gubernatorem
928 714 938 731 ,
965 698 1042 725 nec
1066 684 1180 726 vanis
1206 684 1394 726 abduca-

38 768 136 798 mur
156 754 434 812 opinionibus.

35 895 1300 914 WNWVQWQNWMMVVVMWWMWNMWVVVQQWMWWVUMNMMVWQVNWVVWVWWWNM
1305 898 1394 914 §1wa

575 1019 751 1063 CAPUT
784 1020 855 1062 III.

37 1152 322 1210 Principium
343 1165 470 1194 suum
496 1165 523 1191 a
553 1148 643 1192 Deo
665 1149 888 1191 mundum
911 1148 1067 1191 habere
1091 1167 1104 1193 .·
1139 1167 1190 1192 ac
1206 1152 1397 1209 proinde

93 1238 216 1274 eum,
240 1223 335 1265 licet
356 1219 574 1277 sphaerica
596 1220 748 1279 figura
778 1221 860 1269 sit,
887 1214 1103 1263 salernum
1124 1236 1216 1263 non
1235 1235 1334 1264 esse.

92 1364 202 1408 VIII.
240 1382 254 1403 α
276 1363 554 1422 Inprineipio,
568 1381 583 1403 »
605 1362 753 1419 inquit.
777 1362 916 1415 Quam
932 1363 1068 1405 bonus
1082 1365 1209 1413 ordo,
1223 1373 1270 1406 ut
1286 1365 1394 1408 illud

38 1433 225 1491 primum
249 1442 464 1483 assereret,
484 1434 597 1490 quod
617 1448 770 1490 negare
793 1441 1124 1481 consueverunt,
1154 1442 1196 1476 et
1224 1449 1397 1492 cognos-

38 1512 183 1546 cerent
205 1504 458 1562 principium
475 1519 563 1546 6556
583 1503 748 1552 mundi,
775 1519 828 1545 ne
850 1504 937 1545 sine
955 1503 1162 1561 principio
1187 1505 1397 1546 mundum

36 1587 126 1615 esse
150 1573 340 1616 homines
362 1573 677 1616 arbitrarentur.
709 1573 826 1614 Unde
848 1580 889 1614 et
906 1572 1040 1614 David
1062 1587 1159 1613 cum
1184 1574 1235 1615 de
1262 1575 1368 1616 coelo
1382 1606 1394 1623 ,

36 1650 78 1685 et
93 1651 203 1687 terra
217 1676 228 1692 ,
248 1652 290 1685 et
311 1643 415 1685 mari
437 1645 704 1700 loqueretur,
731 1643 787 1685 ait
808 1658 816 1683 :
835 1661 850 1680 ‹<
876 1643 1028 1684 Omnia
1050 1644 1091 1685 in
1115 1644 1316 1701 sapientia
1341 1645 1397 1687 sc-

35 1712 198 1755 »cisti¹.
214 1713 368 1755 »Dedit
389 1729 487 1771 ergo
509 1712 766 1770 principium
787 1713 963 1761 mundo,
990 1713 1104 1754 dedit
1126 1714 1251 1755 etiam
1276 1728 1395 1756 crea-

36 1790 139 1825 turae
157 1783 460 1832 infirmitatem,
483 1799 536 1825 ne
554 1783 767 1825 anarchon
782 1815 792 1831 ,
822 1798 874 1824 ne
897 1783 1154 1832 increatum,
1184 1792 1226 1825 et
1246 1784 1395 1828 divinae

35 1863 276 1897 consortem
309 1855 551 1897 substantiae
591 1855 871 1896 crederemus.
908 1854 962 1896 Et
997 1855 1173 1911 pulchre
1208 1856 1365 1898 addidit
1381 1873 1393 1906 ;

46 1941 63 1964 σι
84 1924 225 1973 Fecit,
250 1943 265 1963 »
280 1939 333 1966 ne
352 1939 471 1966 mora
494 1924 536 1965 in
558 1923 752 1989 faciendo
770 1924 896 1966 fuisse
912 1924 1247 1974 existimaretur3
1268 1934 1314 1968 ut
1333 1928 1397 1970 vel

35 1992 96 2036 sic
133 1993 412 2052 intelligerent
447 1993 640 2036 homines
669 2009 795 2050 quam
825 1994 1164 2051 incomparabilis
1201 2004 1396 2052 operator

40 2071 172 2112 esset,
209 2063 280 2120 qui
310 2071 473 2106 tantum
510 2079 613 2122 opus
644 2064 759 2106 brevi
796 2064 1028 2122 exiguoque
1064 2075 1279 2108 momento
1312 2082 1396 2109 suec
1448 2080 1451 2081 ’

38 2133 295 2191 operationis
317 2134 565 2183 absolveret,
590 2142 637 2176 ut
658 2134 883 2176 voluntatis
906 2134 1080 2177 effectus
1103 2151 1270 2178 sensum
1294 2145 1396 2178 tem-

34 2202 148 2260 poris
169 2204 431 2261 praeveniret.
456 2204 589 2247 Nemo
608 2212 852 2262 operantem
876 2205 995 2254 vidit,
1016 2207 1089 2248 sed
1112 2207 1278 2264 agnovit
1299 2222 1396 2264 ope-

34 2281 186 2316 ratum.
216 2274 294 2338 Ubi
316 2275 443 2331 igitur
462 2290 598 2324 mora,
626 2290 725 2317 cum
747 2276 858 2333 legas
880 2291 888 2318 :
907 2293 922 2314 «
941 2276 1052 2329 Quia
1084 2277 1171 2336 ipse
1195 2278 1324 2328 dixit,
1352 2287 1395 2321 et

33 2342 172 2386 »facta
194 2353 311 2394 sunt3
340 2344 427 2403 ipse
449 2346 687 2395 mandavit,
721 2354 762 2388 et
794 2354 933 2388 creata
962 2346 1099 2390 sunt2.
1138 2367 1153 2387 »
1181 2348 1268 2391 Nec
1296 2349 1394 2392 artis

35 2411 161 2470 igitur
180 2430 319 2464 usum,
345 2420 423 2457 nec
445 2415 608 2458 virtutis
630 2416 853 2473 expendit,
872 2416 943 2473 qui
966 2426 1182 2459 momento
1207 2434 1290 2460 sure
1318 2433 1395 2461 vo-

33 2481 206 2526 luntatis
226 2484 488 2541 majestatem
510 2493 634 2528 tantae
657 2485 910 2547 operationis
926 2486 1114 2548 implevit
1121 2505 1133 2537 3
1151 2497 1196 2532 ut
1211 2504 1393 2549 ea,jquae

39 2620 41 2623 ,
78 2592 94 2617 ,1
113 2586 197 2620 Psal.
216 2597 290 2625 6111,
305 2587 357 2629 24.
371 2605 412 2614 -
433 2598 446 2613 ²
467 2587 519 2624 ld.
538 2598 673 2631 exuar,
691 2589 725 2625 5.

182 2655 262 2684 mv.
1200 2648 1242 2693 ,3
