1742 3233
495 247 546 273 DE
581 246 788 273 Anum-IAM.
827 246 905 273 mn.
944 247 986 273 11.
1337 235 1419 292 567

63 335 150 363 non
178 321 411 364 alienantur
430 337 457 364 a
484 324 615 364 domo
643 323 742 371 Dei,
773 332 814 365 et
839 339 859 364 a
893 323 1084 365 custodia
1109 335 1418 382 praeccptorum

67 393 315 435 coelestium.
347 393 441 435 Suis
472 402 690 436 contentos
723 410 811 436 osse
847 394 1134 453 finil›us(51),
1161 411 1246 437 non
1278 398 1419 439 extolli

64 462 301 504 divitiarum
325 463 453 519 copiis
467 496 477 511 ,
499 471 541 505 et
560 464 683 505 rebus
701 465 935 505 secundum
959 465 1133 521 gratiam
1151 467 1416 523 voluptatum

65 532 318 581 fluentibus,
364 534 445 575 hoc
484 549 573 575 esse
608 534 760 575 mentis
802 534 968 591 optimae
995 536 1220 576 :meditari
1253 551 1418 593 semper

63 603 318 660 principium
341 612 382 645 et
404 602 530 645 finem
550 636 560 653 ,
586 619 635 645 eo
658 606 887 662 procedere
905 637 914 652 ,
939 613 980 646 et
1007 605 1103 646 inde
1122 606 1305 662 ingredi,
1334 607 1415 649 hoc

64 688 152 714 esse
173 674 345 716 honum.
374 674 538 715 Bonum
562 683 698 716 autem
723 675 921 732 sapientia
951 683 1024 717 est.
1055 676 1185 717 Nemo
1208 676 1320 717 enim
1348 677 1417 718 l›o—

63 759 142 786 nus
157 779 166 794 ,
186 745 264 786 nisi
282 761 388 786 unus
404 745 529 786 Deus.
552 745 616 786 Ab
634 760 682 786 eo
700 746 967 803 procedimus
982 779 992 794 ,
1014 745 1141 787 creati
1158 762 1231 803 per
1248 746 1383 803 ipsum
1405 762 1413 787 ε

64 816 116 856 ad
135 830 233 856 eum
256 815 519 863 revertimur,
543 815 638 872 quia
664 831 760 857 cum
785 816 951 858 Christo
975 832 1064 858 esse
1086 819 1220 858 multo
1247 817 1412 859 melius.

63 884 114 926 Et
134 893 181 926 ut
203 884 307 926 scias
331 885 425 941 quia
443 885 602 926 honum
620 894 935 944 est'congruerc
948 887 1201 945 principium
1215 896 1255 929 ct
1272 887 1415 936 finem,

64 953 149 1011 ipse
173 955 226 1014 ait
257 955 393 996 bonus
419 955 540 997 Jcsus
567 971 575 996 :
613 973 628 994 «
659 956 744 1013 Ego
778 972 871 999 sum
892 968 921 999 A
946 966 987 999 et
1006 969 1037 1002 Ω
1055 990 1065 1006 ,
1096 957 1349 1014 principium
1374 964 1416 998 et

62 1023 225 1065 »finis¹.
254 1043 269 1063 »

121 1094 260 1137 XXII.
297 1095 413 1137 Mens
450 1095 575 1152 igitur
611 1103 752 1137 nostra
791 1109 888 1136 cum
920 1096 1008 1153 ipso
1045 1111 1211 1153 semper
1251 1096 1332 1136 sit:
1365 1095 1415 1136 ab

62 1164 152 1222 ejus
175 1167 355 1223 templO,
389 1166 439 1207 ab
464 1166 554 1222 ejus
579 1166 706 1208 verbo
729 1181 943 1222 nunquam
970 1167 1153 1208 recedat.
1183 1166 1357 1222 Semper
1375 1164 1419 1207 in

61 1235 244 1279 lectione
273 1235 589 1293 Scripturarum
624 1236 698 1285 sit,
732 1236 1100 1286 meditationibus,
1133 1236 1415 1290 orationibus3

61 1315 109 1348 nt
140 1322 275 1348 sermo
305 1306 395 1363 ejus
422 1307 608 1363 qui’est‚
639 1322 805 1364 semper
832 1315 1030 1364 operetur
1058 1307 1097 1347 in
1123 1307 1242 1348 nobis
1259 1339 1270 1354 ,
1305 1314 1345 1347 et
1369 1313 1415 1346 ut

63 1377 251 1433 quotidie
271 1379 554 1434 *procedentes
583 1377 624 1418 in
652 1377 914 1426 Ecclesiam,
942 1378 1007 1419 vel
1040 1377 1278 1418 domesticis
1301 1377 1416 1418 incu-

55 1446 208 1488 -bantes
231 1448 510 1496 orationibus,
535 1447 693 1504 abipso
717 1447 990 1505 incipiamus,
1016 1455 1057 1489 et
1079 1448 1121 1488 in
1145 1447 1232 1504 ipso
1258 1447 1415 1488 desina-

54 1531 167 1558 xmuS.
199 1518 259 1559 Ita
282 1518 407 1559 totius
428 1517 497 1559 hic
520 1518 612 1559 vitae
639 1526 790 1559 nostrae
808 1517 920 1566 dies,
945 1525 986 1558 et
1007 1533 1153 1558 cursus
1182 1517 1265 1558 dici
1298 1517 1347 1557 ab
1371 1531 1414 1557 se

52 1595 197 1629 sumat
218 1587 471 1645 principium
487 1620 497 1636 ‚
521 1596 562 1629 et
583 1588 669 1644 ipse
692 1587 864 1629 desinat.
894 1586 1012 1628 Sicut
1035 1587 1146 1628 enim
1165 1602 1184 1628 a
1209 1586 1414 1643 principio

58 1658 152 1700 vitae
170 1660 367 1705 credere,
391 1666 431 1700 et
455 1658 606 1700 initiari
630 1658 717 1699 Deo
734 1690 744 1706 ,
769 1659 877 1699 salus
902 1666 963 1699 est
989 1673 997 1698 :
1026 1657 1079 1699 ita
1104 1655 1415 1714 perseverantia

56 1743 191 1784 ,usque
217 1729 258 1770 in
283 1727 409 1770 finem
436 1728 667 1769 necessaria
701 1735 773 1769 est.
808 1728 881 1769 Est
904 1735 1042 1769 autem
1069 1728 1222 1769 mentis
1246 1727 1414 1784 optimae

54 1798 297 1855 diligentia3
323 1807 368 1839 uzt
393 1798 521 1840 verbo
543 1798 617 1839 Dei
646 1798 803 1839 intenta
826 1798 930 1840 nihil
951 1798 1075 1839 faciat
1102 1797 1411 1845 irrationabile,

60 1870 172 1910 unde
206 1868 371 1909 tristitia
408 1868 579 1915 subeam
622 1875 668 1909 ut
705 1867 859 1924 jugiter
895 1877 1066 1909 actuum
1099 1882 1271 1908 suorum
1306 1868 1414 1908 bene

61 1939 255 1987 conscia,
291 1937 475 1980 laetitiam
510 1938 628 1979 bonae
665 1947 800 1980 servet
827 1938 1107 1980 conscientiae.
1144 1938 1270 1990 Quod
1301 1937 1415 1978 enim

60 2008 220 2050 bonum
243 2009 324 2050 hoc
348 2009 434 2050 sine
452 2008 601 2050 timore
618 2017 658 2050 et
680 2008 767 2050 sine
791 2009 954 2050 tristitia
973 2017 1057 2057 est,
1088 2009 1129 2050 id
1155 2017 1238 2056 est,
1265 2007 1416 2049 securi-

31 2083 34 2087 '
60 2077 154 2120 tatis
182 2080 354 2135 plenum
382 2088 424 2119 et
450 2078 603 2135 gratiae.
635 2078 842 2120 Possessio
871 2078 982 2120 enim
1006 2078 1105 2134 justi
1131 2086 1296 2135 gratnm
1327 2091 1416 2118 csse

57 2147 147 2190 Deo
173 2164 182 2190 :
208 2149 488 2206 insipientium
509 2157 646 2190 autem
674 2150 813 2190 nullus
836 2145 999 2206 gradus.
1031 2149 1130 2190 Ideo
1153 2149 1294 2189 Esaias
1311 2181 1321 2196 ,
1347 2162 1415 2204 ap-

58 2220 367 2277 propinquante
391 2220 528 2268 bono,
553 2219 609 2260 ait
639 2235 648 2260 :
685 2236 700 2257 «
726 2219 874 2276 Fugiet
907 2221 1050 2266 dolor,
1084 2227 1125 2260 ct
1152 2218 1316 2260 tristitia
1334 2250 1343 2265 ‚
1373 2224 1415 2258 et

59 2289 304 2346 »gemitus².
336 2308 351 2328 »
384 2288 567 2331 Joannes
598 2304 765 2346 quoque
799 2289 840 2330 in
862 2288 1112 2346 Apocalypsi
1139 2303 1147 2329 :
1185 2305 1199 2326 «
1229 2288 1280 2329 Et
1302 2287 1410 2344 ipse,

59 2358 239 2415 »inquit,
261 2359 373 2400 Deus
400 2374 497 2400 cum
524 2359 601 2401 illis
627 2359 728 2407 erit,
752 2367 794 2400 et
820 2358 975 2401 delebit
997 2374 1166 2400 omnem
1184 2360 1416 2414 lacrymam

58 2445 75 2466 τ)
90 2429 142 2469 de
163 2429 294 2470 oculis
318 2444 485 2477 eorum,
510 2437 551 2471 et
573 2445 686 2471 mors
713 2444 796 2470 non
828 2429 906 2470 erit
928 2430 1105 2486 amplius
1121 2463 1131 2478 ‚
1162 2443 1298 2484 neque
1327 2429 1413 2469 luc—

59 2515 76 2538 »
89 2506 178 2548 tus,
205 2514 341 2556 neque
359 2501 531 2547 clamor,
551 2515 686 2557 neque
704 2500 822 2541 dolor
838 2500 1012 2541 ulterius
1026 2498 1037 2519 ³
1063 2515 1071 2541 :
1097 2518 1113 2538 >›
1138 2499 1187 2540 In
1209 2511 1416 2540 resurrec-

104 2598 114 2612 ¹
133 2590 236 2633 Apoc.
254 2602 276 2628 1,
294 2591 324 2624 8.
344 2609 384 2615 ·—
401 2601 413 2615 ²
434 2592 512 2623 Isa'i.
532 2602 628 2627 xxxv,
647 2602 694 2623 ιο.
712 2608 751 2615 -
771 2592 784 2614 3
803 2591 900 2633 Apoc.
921 2600 987 2628 xxi,
1006 2589 1083 2630 3‚4.
