1742 3233
401 329 453 357 ΒΕ
487 329 698 358 Planum.
737 330 854 359 mmm
888 333 1002 362 cxrs.
1293 324 1376 382 337

83 406 275 450 LXXVI.
315 407 398 449 Sed
414 416 476 450 est
497 416 538 449 et
556 409 622 450 illa
641 409 869 459 distinctio,
895 413 1008 468 quod
1025 414 1206 470 serpenti
1225 414 1378 457 dieitur

29 477 124 533 quia
141 485 295 518 terram
316 478 613 526 manducabit3
637 477 736 520 Adae
754 487 910 528 autem,
929 498 944 517 «
961 481 1007 522 In
1030 481 1208 532 tristitia,
1224 484 1373 540 inquit,

30 547 332 589 »manducabis
348 579 358 594 ,
383 555 424 588 et
442 562 537 588 curn
556 549 708 589 sudore
728 549 1017 598 manducabis,
1042 560 1083 592 et
1106 553 1379 596 manducabis

30 635 45 656 n
59 616 218 658 foenum
246 616 331 673 agri
352 614 364 636 ¹
393 632 404 664 3
438 634 453 654 »
492 625 538 658 ut
567 618 790 672 quemdam
822 618 1100 676 intelligamus
1130 621 1170 662 in
1203 622 1265 663 his
1293 637 1382 664 esse

30 701 271 744 processum
300 694 342 727 et
369 687 536 742 quando
565 694 719 728 terram
750 689 1058 730 manducamus
1078 722 1088 736 ,
1126 690 1165 729 in
1200 693 1382 746 quadam

30 755 185 798 malitia
215 771 303 798 esse
330 755 569 797 videamur:
596 757 764 812 quando
791 755 977 804 soenum,
1005 757 1045 797 in
1074 760 1256 813 quodam
1284 774 1384 817 pro-

32 841 151 869 cessu
172 841 181 867 ε
202 826 370 882 quando
390 840 487 867 vero
505 840 675 882 panem,
703 840 799 867 cum
819 834 1104 868 consummata
1123 827 1249 870 fuerit
1264 828 1387 871 forti·-

33 897 146 939 tudo.
175 896 284 953 Ergo
307 903 348 937 et
371 909 446 936 nos
462 894 692 936 habeamus
714 909 957 953 processum
984 896 1076 938 vitae
1102 896 1252 954 hujus,
1279 899 1387 942 sieut

33 966 180 1008 habuit
202 974 243 1008 et
262 966 413 1008 Paulus
429 965 499 1021 qui
518 965 619 1007 dicit
638 981 648 1007 z
676 983 691 1004 α
710 966 810 1008 Vivo
830 974 985 1014 autem,
1005 966 1090 1022 jam
1113 982 1196 1008 non
1220 983 1296 1024 ego
1309 967 1344 1018 ²,
1360 987 1377 1008 »

33 1035 114 1078 hoc
141 1043 227 1083 est,
250 1049 334 1076 non
356 1049 432 1091 ego
455 1035 526 1090 qui
547 1044 705 1076 terram
730 1043 828 1077 ante
850 1037 1184 1085 manducabam3
1210 1053 1294 1078 non
1313 1053 1390 1095 ego

36 1105 106 1162 qui
130 1105 313 1153 foenum,
350 1122 365 1141 α
384 1104 492 1156 Quia
515 1105 649 1146 omnis
672 1120 769 1146 earo
796 1105 953 1147 soenum
970 1105 982 1126 ³
1007 1120 1016 1147 :
1043 1108 1114 1147 sed
1136 1106 1235 1148 vivit
1258 1108 1299 1147 in
1322 1122 1393 1149 me

36 1192 51 1213 »
66 1174 272 1222 Christus,
292 1192 307 1212 »
328 1173 407 1215 hoc
429 1181 506 1222 est,
526 1174 627 1215 vivit
648 1174 765 1230 panis
784 1174 851 1215 ille
869 1175 984 1216 vivus
998 1175 1070 1232 qui
1091 1175 1204 1217 venit
1225 1191 1247 1217 e
1268 1177 1393 1226 ccelo,

36 1245 136 1287 vivit
158 1244 373 1301 sapientia,
398 1243 497 1285 vix-it
514 1245 661 1301 gratia,
682 1244 779 1286 vivit
805 1245 979 1301 justitia,
999 1246 1098 1287 vivit
1120 1247 1387 1289 resurrectio.

57 1328 61 1332 ’
94 1313 304 1357 LXXVII.
323 1314 482 1355 Deinde
493 1314 708 1355 considera
719 1314 813 1371 quia
827 1315 1390 1363 nonestmaledictushomo,

39 1384 112 1425 sed
121 1383 369 1425 maledictus
380 1391 441 1424 est
453 1398 621 1440 serpens
637 1398 646 1424 :
660 1399 737 1424 nee
749 1392 857 1426 terra
869 1385 911 1425 in
929 1399 971 1426 se
987 1383 1209 1426 maledicta
1222 1393 1306 1431 est;
1323 1386 1397 1427 sed

51 1452 297 1495 «Maledicta
311 1484 322 1500 ,
336 1452 489 1508 inquit,
506 1452 546 1492 in
555 1452 839 1509 operibustuis
850 1486 860 1502 ,
874 1472 888 1492 >›
904 1454 1015 1509 quod
1027 1454 1078 1494 ad
1087 1452 1222 1494 Adam
1237 1454 1399 1495 dietum

42 1531 115 1565 est.
130 1523 249 1565 Tunc
261 1530 369 1563 terra
383 1522 605 1563 maledicta
617 1530 694 1570 est,
710 1523 741 1563 si
758 1523 912 1564 habeas
929 1537 1054 1580 opera
1073 1531 1252 1571 terrena,
1267 1523 1308 1564 id
1319 1530 1396 1572 est,

42 1608 167 1651 opera
195 1592 418 1635 saecularia.
453 1593 504 1634 Et
529 1593 751 1634 maledicta
781 1608 864 1634 non
896 1594 938 1634 in
968 1593 1234 1641 universum3
1260 1594 1332 1634 sed
1353 1601 1402 1636 ut

44 1663 180 1721 spinas
200 1669 241 1704 et
262 1661 438 1714 tribulos
457 1669 643 1719 generet,
672 1662 752 1703 nisi
774 1661 899 1704 fuerit
920 1662 1115 1704 humanae
1143 1662 1282 1703 studio
1304 1677 1400 1718 ope-

44 1731 212 1774 rationis
236 1732 472 1774 exercitata.
502 1731 629 1782 Quod
655 1731 687 1773 si
710 1747 801 1773 eam
833 1731 1145 1773 exercuerimus
1161 1764 1171 1780 ,
1196 1732 1238 1772 in
1259 1732 1403 1773 labore

45 1801 214 1858 quidem
231 1810 274 1843 et
295 1803 448 1843 sudore
463 1834 473 1850 ,
498 1801 570 1841 sed
588 1809 727 1842 tamen
753 1816 906 1858 panem
933 1801 1298 1843 manducabimus
1318 1800 1402 1844 Re-

46 1879 203 1929 pugnat
229 1871 339 1912 enim
358 1872 424 1912 lex
446 1869 580 1911 carnis
601 1870 681 1926 legi
706 1871 871 1912 mentis.
904 1871 956 1912 Et
976 1871 1256 1912 laborandum
1280 1870 1402 1913 nobis

47 1948 109 1981 est
131 1955 178 1982 ae
197 1938 482 1981 desudandum
496 1973 505 1987 ,
525 1946 572 1979 ut
594 1938 843 1996 castigemus
866 1954 1042 1996 corpus,
1066 1947 1108 1981 et
1129 1938 1319 1981 servituti
1337 1954 1404 1980 re·

48 2009 258 2066 (ligamus,
278 2017 320 2050 et
342 2023 433 2066 qnae
459 2016 556 2049 sunt
575 2007 774 2064 spiritalia
791 2008 1088 2051 seminemus⁶.
1117 2009 1157 2050 Si
1182 2008 1294 2050 enim
1318 2022 1406 2049 car-

49 2079 157 2120 nalia
175 2077 538 2126 seminaverimus,
559 2092 650 2134 quae
671 2079 850 2119 earnalia
875 2086 971 2120 sunt
992 2087 1199 2120 metemus
1217 2093 1225 2118 :
1252 2077 1283 2118 si
1306 2091 1404 2118 vero

50 2149 247 2206 spiritalia
273 2147 612 2190 seminaverimus
626 2179 636 2196 ,
662 2155 870 2190 metemus
891 2163 939 2190 ea
958 2163 1049 2204 quae
1068 2156 1164 2190 sunt
1188 2145 1398 2203 spir-italia.

97 2259 209 2291 ⁸.Gen.
236 2270 294 2295 ιιι,
315 2258 370 2296 ι8,
399 2270 446 2302 ¹9·
469 2278 509 2284 -
532 2269 544 2284 2
571 2259 676 2292 Galat.
703 2270 742 2300 ιι,
763 2271 812 2292 20,
830 2278 869 2285 —
885 2259 991 2292 3Isa'1‘.
1015 2271 1064 2298 xz,
1083 2261 1112 2292 6.
1129 2277 1167 2283 -
1188 2262 1198 2285 4
1219 2257 1252 2290 S.
1274 2259 1408 2300 August.

50 2313 73 2346 l.
94 2324 131 2345 u.
155 2319 267 2346 contra
283 2313 447 2346 sulianum
466 2313 531 2346 Pel.
549 2325 577 2348 e.
597 2325 627 2349 τ,

202 2717 282 2748 mv.
1206 2714 1230 2746 2
1237 2715 1261 2742 2
