<?xml version="1.0" encoding="UTF-8"?>
<!DOCTYPE html PUBLIC "-//W3C//DTD XHTML 1.0 Transitional//EN"
    "http://www.w3.org/TR/xhtml1/DTD/xhtml1-transitional.dtd">
<html xmlns="http://www.w3.org/1999/xhtml" xml:lang="en" lang="en">
 <head>
  <title>
</title>
<meta http-equiv="Content-Type" content="text/html;charset=utf-8" />
  <meta name='ocr-system' content='tesseract 3.04.00' />
  <meta name='ocr-capabilities' content='ocr_page ocr_carea ocr_par ocr_line ocrx_word'/>
</head>
<body>
  <div class='ocr_page' id='page_1' title='image "./omniaequaeextant01ambruoft_0588.png"; bbox 0 0 1742 3233; ppageno 0'>
   <div class='ocr_carea' id='block_1_1' title="bbox 357 251 1157 300">
    <p class='ocr_par' dir='ltr' id='par_1_1' title="bbox 357 251 1157 300">
     <span class='ocr_line' id='line_1_1' title="bbox 357 251 1157 300; baseline 0.004 -6"><span class='ocrx_word' id='word_1_1' title='bbox 357 251 443 295; x_wconf 81' lang='lat'><strong>556</strong></span> <span class='ocrx_word' id='word_1_2' title='bbox 900 270 929 298; x_wconf 89' lang='lat' dir='ltr'><strong>s.</strong></span> <span class='ocrx_word' id='word_1_3' title='bbox 969 269 1157 300; x_wconf 70' lang='lat' dir='ltr'><strong>Aunnosn</strong></span> 
     </span>
    </p>
   </div>
   <div class='ocr_carea' id='block_1_2' title="bbox 352 396 1704 415">
    <p class='ocr_par' dir='ltr' id='par_1_2' title="bbox 352 396 1704 415">
     <span class='ocr_line' id='line_1_2' title="bbox 352 396 1704 415; baseline 0.004 -5"><span class='ocrx_word' id='word_1_4' title='bbox 352 397 410 411; x_wconf 54' lang='grc' dir='ltr'><strong>νοῦ</strong></span> <span class='ocrx_word' id='word_1_5' title='bbox 416 396 715 412; x_wconf 61' lang='lat' dir='ltr'><strong>mmmmm</strong></span> <span class='ocrx_word' id='word_1_6' title='bbox 723 401 903 414; x_wconf 44' lang='lat' dir='ltr'><strong>msmwz</strong></span> <span class='ocrx_word' id='word_1_7' title='bbox 910 403 1023 414; x_wconf 53' lang='lat' dir='ltr'><strong>must</strong></span> <span class='ocrx_word' id='word_1_8' title='bbox 1030 402 1454 414; x_wconf 46' lang='lat' dir='ltr'><strong>msummnsmsm</strong></span> <span class='ocrx_word' id='word_1_9' title='bbox 1462 402 1643 415; x_wconf 60' lang='lat' dir='ltr'><strong>mmm</strong></span> <span class='ocrx_word' id='word_1_10' title='bbox 1649 403 1704 415; x_wconf 56' lang='lat' dir='ltr'><strong>n-</strong></span> 
     </span>
    </p>
   </div>
   <div class='ocr_carea' id='block_1_3' title="bbox 895 498 1153 540">
    <p class='ocr_par' dir='ltr' id='par_1_3' title="bbox 895 498 1153 540">
     <span class='ocr_line' id='line_1_3' title="bbox 895 498 1153 540; baseline -0.004 0"><span class='ocrx_word' id='word_1_11' title='bbox 895 498 1070 540; x_wconf 79' lang='lat' dir='ltr'>CAPL&#39;T</span> <span class='ocrx_word' id='word_1_12' title='bbox 1104 498 1153 539; x_wconf 88' lang='lat' dir='ltr'><strong>Il.</strong></span> 
     </span>
    </p>
   </div>
   <div class='ocr_carea' id='block_1_4' title="bbox 355 624 1721 963">
    <p class='ocr_par' dir='ltr' id='par_1_4' title="bbox 355 624 1721 963">
     <span class='ocr_line' id='line_1_4' title="bbox 355 624 1703 683; baseline 0.003 -18"><span class='ocrx_word' id='word_1_13' title='bbox 355 624 455 666; x_wconf 79' lang='lat' dir='ltr'><strong>Post</strong></span> <span class='ocrx_word' id='word_1_14' title='bbox 472 624 727 668; x_wconf 79' lang='lat' dir='ltr'><strong>Abrahami</strong></span> <span class='ocrx_word' id='word_1_15' title='bbox 742 629 910 670; x_wconf 72' lang='lat' dir='ltr'><strong>exitam</strong></span> <span class='ocrx_word' id='word_1_16' title='bbox 933 630 1050 671; x_wconf 72' lang='lat' dir='ltr'><strong>Deus</strong></span> <span class='ocrx_word' id='word_1_17' title='bbox 1076 629 1144 670; x_wconf 78' lang='lat' dir='ltr'><strong>illi</strong></span> <span class='ocrx_word' id='word_1_18' title='bbox 1164 639 1378 683; x_wconf 79' lang='lat' dir='ltr'><strong><em>tanquam</em></strong></span> <span class='ocrx_word' id='word_1_19' title='bbox 1399 629 1542 669; x_wconf 78' lang='lat' dir='ltr'><strong>amico</strong></span> <span class='ocrx_word' id='word_1_20' title='bbox 1563 629 1703 683; x_wconf 77' lang='lat' dir='ltr'><strong>loqui-</strong></span> 
     </span>
     <span class='ocr_line' id='line_1_5' title="bbox 414 696 1704 755; baseline 0.003 -19"><span class='ocrx_word' id='word_1_21' title='bbox 414 704 497 737; x_wconf 80' lang='lat' dir='ltr'><strong>tur.</strong></span> <span class='ocrx_word' id='word_1_22' title='bbox 525 696 652 738; x_wconf 79' lang='lat' dir='ltr'><strong>Idem</strong></span> <span class='ocrx_word' id='word_1_23' title='bbox 677 697 799 739; x_wconf 80' lang='lat' dir='ltr'><strong>nobis</strong></span> <span class='ocrx_word' id='word_1_24' title='bbox 819 700 1085 755; x_wconf 77' lang='lat' dir='ltr'><em>proponitur</em></span> <span class='ocrx_word' id='word_1_25' title='bbox 1106 699 1164 740; x_wconf 83' lang='lat' dir='ltr'><strong>ad</strong></span> <span class='ocrx_word' id='word_1_26' title='bbox 1182 699 1485 747; x_wconf 79' lang='lat' dir='ltr'><strong>imitandum;</strong></span> <span class='ocrx_word' id='word_1_27' title='bbox 1512 708 1558 739; x_wconf 80' lang='grc' dir='ltr'><strong>ιιι</strong></span> <span class='ocrx_word' id='word_1_28' title='bbox 1582 713 1704 740; x_wconf 78' lang='lat' dir='ltr'><strong>mens</strong></span> 
     </span>
     <span class='ocr_line' id='line_1_6' title="bbox 411 766 1705 825; baseline 0.002 -20"><span class='ocrx_word' id='word_1_29' title='bbox 411 776 556 807; x_wconf 79' lang='lat' dir='ltr'><strong>nostra</strong></span> <span class='ocrx_word' id='word_1_30' title='bbox 577 768 672 821; x_wconf 78' lang='lat' dir='ltr'><strong>ejus</strong></span> <span class='ocrx_word' id='word_1_31' title='bbox 693 769 890 824; x_wconf 74' lang='lat' dir='ltr'><strong>exemplo</strong></span> <span class='ocrx_word' id='word_1_32' title='bbox 915 770 1189 825; x_wconf 75' lang='lat' dir='ltr'><strong>reformetur.</strong></span> <span class='ocrx_word' id='word_1_33' title='bbox 1220 768 1368 819; x_wconf 77' lang='lat' dir='ltr'><strong>Quare</strong></span> <span class='ocrx_word' id='word_1_34' title='bbox 1395 766 1472 809; x_wconf 77' lang='lat' dir='ltr'><strong>Lot</strong></span> <span class='ocrx_word' id='word_1_35' title='bbox 1500 781 1600 808; x_wconf 82' lang='lat' dir='ltr'><strong>cum</strong></span> <span class='ocrx_word' id='word_1_36' title='bbox 1628 766 1705 808; x_wconf 77' lang='lat' dir='ltr'><strong>illo</strong></span> 
     </span>
     <span class='ocr_line' id='line_1_7' title="bbox 411 835 1705 894; baseline 0.002 -20"><span class='ocrx_word' id='word_1_37' title='bbox 411 848 604 891; x_wconf 76' lang='lat' dir='ltr'><strong>egressus</strong></span> <span class='ocrx_word' id='word_1_38' title='bbox 626 854 643 885; x_wconf 91' lang='lat'><em>;</em></span> <span class='ocrx_word' id='word_1_39' title='bbox 673 837 833 892; x_wconf 77' lang='lat' dir='ltr'><strong>quidve</strong></span> <span class='ocrx_word' id='word_1_40' title='bbox 857 838 1124 893; x_wconf 71' lang='lat' dir='ltr'><strong>sexagesimo</strong></span> <span class='ocrx_word' id='word_1_41' title='bbox 1147 851 1266 877; x_wconf 83' lang='lat' dir='ltr'><strong>anno</strong></span> <span class='ocrx_word' id='word_1_42' title='bbox 1293 836 1582 894; x_wconf 76' lang='lat' dir='ltr'><strong>significetur.</strong></span> <span class='ocrx_word' id='word_1_43' title='bbox 1609 835 1705 887; x_wconf 83' lang='lat' dir='ltr'><strong>Quo</strong></span> 
     </span>
     <span class='ocr_line' id='line_1_8' title="bbox 411 896 1721 963; baseline 0.003 -20"><span class='ocrx_word' id='word_1_44' title='bbox 411 903 591 945; x_wconf 77' lang='lat' dir='ltr'><strong>tandem</strong></span> <span class='ocrx_word' id='word_1_45' title='bbox 607 916 735 961; x_wconf 76' lang='lat' dir='ltr'><strong>pacto</strong></span> <span class='ocrx_word' id='word_1_46' title='bbox 756 907 928 963; x_wconf 78' lang='lat' dir='ltr'><strong>sapiens</strong></span> <span class='ocrx_word' id='word_1_47' title='bbox 949 907 1143 947; x_wconf 78' lang='lat' dir='ltr'><strong><em>amicam</em></strong></span> <span class='ocrx_word' id='word_1_48' title='bbox 1158 920 1285 948; x_wconf 80' lang='lat' dir='ltr'><strong>suam</strong></span> <span class='ocrx_word' id='word_1_49' title='bbox 1300 906 1532 962; x_wconf 73' lang='lat' dir='ltr'><strong>possideat.</strong></span> <span class='ocrx_word' id='word_1_50' title='bbox 1701 896 1721 904; x_wconf 18' lang='grc' dir='ltr'><em>Ἀ</em></span> 
     </span>
    </p>
   </div>
   <div class='ocr_carea' id='block_1_5' title="bbox 316 1024 1713 2551">
    <p class='ocr_par' dir='ltr' id='par_1_5' title="bbox 316 1024 1713 2551">
     <span class='ocr_line' id='line_1_9' title="bbox 413 1024 1707 1087; baseline 0.002 -21"><span class='ocrx_word' id='word_1_51' title='bbox 413 1024 461 1067; x_wconf 86' lang='lat' dir='ltr'><strong>V.</strong></span> <span class='ocrx_word' id='word_1_52' title='bbox 511 1044 525 1064; x_wconf 88' lang='lat'>«</span> <span class='ocrx_word' id='word_1_53' title='bbox 547 1027 668 1070; x_wconf 73' lang='lat' dir='ltr'><strong>Ean</strong></span> <span class='ocrx_word' id='word_1_54' title='bbox 688 1028 899 1071; x_wconf 78' lang='lat' dir='ltr'><strong>Abraham</strong></span> <span class='ocrx_word' id='word_1_55' title='bbox 921 1031 1277 1087; x_wconf 80' lang='lat' dir='ltr'>quemadmodum</span> <span class='ocrx_word' id='word_1_56' title='bbox 1300 1031 1466 1071; x_wconf 89' lang='lat' dir='ltr'><strong>locutus</strong></span> <span class='ocrx_word' id='word_1_57' title='bbox 1483 1036 1546 1070; x_wconf 84' lang='lat' dir='ltr'><strong>est</strong></span> <span class='ocrx_word' id='word_1_58' title='bbox 1568 1028 1606 1070; x_wconf 89' lang='lat' dir='ltr'><strong>ei</strong></span> <span class='ocrx_word' id='word_1_59' title='bbox 1626 1029 1707 1070; x_wconf 88' lang='lat' dir='ltr'><strong>Do-</strong></span> 
     </span>
     <span class='ocr_line' id='line_1_10' title="bbox 356 1093 1707 1157; baseline 0.004 -24"><span class='ocrx_word' id='word_1_60' title='bbox 356 1093 522 1136; x_wconf 84' lang='lat' dir='ltr'><strong>»miuus</strong></span> <span class='ocrx_word' id='word_1_61' title='bbox 550 1095 579 1137; x_wconf 77' lang='lat'><strong>¹.</strong></span> <span class='ocrx_word' id='word_1_62' title='bbox 609 1115 624 1135; x_wconf 80' lang='lat'>»</span> <span class='ocrx_word' id='word_1_63' title='bbox 656 1098 764 1139; x_wconf 89' lang='lat' dir='ltr'><strong>Hinc</strong></span> <span class='ocrx_word' id='word_1_64' title='bbox 790 1100 928 1140; x_wconf 85' lang='lat' dir='ltr'><strong>serunt</strong></span> <span class='ocrx_word' id='word_1_65' title='bbox 953 1100 1126 1157; x_wconf 83' lang='lat' dir='ltr'><strong>gentiles</strong></span> <span class='ocrx_word' id='word_1_66' title='bbox 1152 1107 1311 1155; x_wconf 80' lang='lat' dir='ltr'><strong>septem</strong></span> <span class='ocrx_word' id='word_1_67' title='bbox 1340 1098 1583 1156; x_wconf 85' lang='lat' dir='ltr'><strong>Sapientum</strong></span> <span class='ocrx_word' id='word_1_68' title='bbox 1611 1112 1707 1138; x_wconf 85' lang='lat' dir='ltr'><strong>seu-</strong></span> 
     </span>
     <span class='ocr_line' id='line_1_11' title="bbox 355 1165 1707 1226; baseline 0.003 -22"><span class='ocrx_word' id='word_1_69' title='bbox 355 1165 527 1206; x_wconf 81' lang='lat' dir='ltr'><strong>tentiam</strong></span> <span class='ocrx_word' id='word_1_70' title='bbox 544 1181 552 1206; x_wconf 96' lang='lat'><strong>:</strong></span> <span class='ocrx_word' id='word_1_71' title='bbox 570 1167 753 1223; x_wconf 80' lang='lat' dir='ltr'>Sequere</span> <span class='ocrx_word' id='word_1_72' title='bbox 768 1169 920 1218; x_wconf 88' lang='lat' dir='ltr'><strong>Deum,</strong></span> <span class='ocrx_word' id='word_1_73' title='bbox 941 1170 1057 1226; x_wconf 83' lang='lat' dir='ltr'>quasi</span> <span class='ocrx_word' id='word_1_74' title='bbox 1075 1170 1290 1211; x_wconf 79' lang='lat' dir='ltr'><strong>inventum</strong></span> <span class='ocrx_word' id='word_1_75' title='bbox 1303 1184 1424 1210; x_wconf 84' lang='lat' dir='ltr'><strong>suum</strong></span> <span class='ocrx_word' id='word_1_76' title='bbox 1442 1185 1452 1216; x_wconf 93' lang='lat'>;</span> <span class='ocrx_word' id='word_1_77' title='bbox 1474 1182 1571 1209; x_wconf 89' lang='lat' dir='ltr'><strong>cum</strong></span> <span class='ocrx_word' id='word_1_78' title='bbox 1585 1169 1707 1224; x_wconf 81' lang='lat' dir='ltr'><strong>longe</strong></span> 
     </span>
     <span class='ocr_line' id='line_1_12' title="bbox 356 1235 1708 1295; baseline 0.003 -22"><span class='ocrx_word' id='word_1_79' title='bbox 356 1235 555 1285; x_wconf 65' lang='lat' dir='ltr'><strong>anterior,</strong></span> <span class='ocrx_word' id='word_1_80' title='bbox 578 1251 662 1277; x_wconf 89' lang='lat' dir='ltr'><strong>non</strong></span> <span class='ocrx_word' id='word_1_81' title='bbox 684 1237 795 1287; x_wconf 84' lang='lat' dir='ltr'><strong>dico,</strong></span> <span class='ocrx_word' id='word_1_82' title='bbox 816 1239 1045 1287; x_wconf 73' lang='lat' dir='ltr'><strong>Abraham,</strong></span> <span class='ocrx_word' id='word_1_83' title='bbox 1062 1241 1135 1281; x_wconf 86' lang='lat' dir='ltr'><strong>sed</strong></span> <span class='ocrx_word' id='word_1_84' title='bbox 1151 1240 1312 1295; x_wconf 77' lang='lat' dir='ltr'><strong>Moyses</strong></span> <span class='ocrx_word' id='word_1_85' title='bbox 1335 1238 1474 1286; x_wconf 80' lang='lat' dir='ltr'><strong>fucrit,</strong></span> <span class='ocrx_word' id='word_1_86' title='bbox 1489 1253 1564 1294; x_wconf 87' lang='lat' dir='ltr'><strong>per</strong></span> <span class='ocrx_word' id='word_1_87' title='bbox 1581 1252 1708 1294; x_wconf 87' lang='lat' dir='ltr'><strong>quem</strong></span> 
     </span>
     <span class='ocr_line' id='line_1_13' title="bbox 355 1304 1708 1354; baseline 0.003 -11"><span class='ocrx_word' id='word_1_88' title='bbox 355 1304 419 1344; x_wconf 81' lang='lat' dir='ltr'><strong>lex</strong></span> <span class='ocrx_word' id='word_1_89' title='bbox 443 1304 536 1345; x_wconf 77' lang='lat' dir='ltr'>data</span> <span class='ocrx_word' id='word_1_90' title='bbox 561 1314 643 1354; x_wconf 81' lang='lat' dir='ltr'><strong>est,</strong></span> <span class='ocrx_word' id='word_1_91' title='bbox 668 1307 832 1349; x_wconf 86' lang='lat' dir='ltr'><strong>dicens:</strong></span> <span class='ocrx_word' id='word_1_92' title='bbox 865 1326 880 1346; x_wconf 90' lang='lat'>«</span> <span class='ocrx_word' id='word_1_93' title='bbox 905 1309 1002 1351; x_wconf 84' lang='lat' dir='ltr'><strong>Post</strong></span> <span class='ocrx_word' id='word_1_94' title='bbox 1023 1308 1252 1350; x_wconf 89' lang='lat' dir='ltr'><strong>Dominum</strong></span> <span class='ocrx_word' id='word_1_95' title='bbox 1275 1308 1410 1349; x_wconf 88' lang='lat' dir='ltr'><strong>Deum</strong></span> <span class='ocrx_word' id='word_1_96' title='bbox 1430 1316 1546 1348; x_wconf 81' lang='lat' dir='ltr'><strong>tuum</strong></span> <span class='ocrx_word' id='word_1_97' title='bbox 1566 1306 1708 1347; x_wconf 86' lang='lat' dir='ltr'>ambu-</span> 
     </span>
     <span class='ocr_line' id='line_1_14' title="bbox 355 1373 1708 1436; baseline 0.001 -22"><span class='ocrx_word' id='word_1_98' title='bbox 355 1374 487 1414; x_wconf 76' lang='lat' dir='ltr'><strong>»labis</strong></span> <span class='ocrx_word' id='word_1_99' title='bbox 505 1373 532 1416; x_wconf 80' lang='lat'><strong>².</strong></span> <span class='ocrx_word' id='word_1_100' title='bbox 558 1393 573 1413; x_wconf 76' lang='lat'><strong>1&gt;</strong></span> <span class='ocrx_word' id='word_1_101' title='bbox 599 1376 735 1418; x_wconf 77' lang='lat' dir='ltr'><strong>Exivit</strong></span> <span class='ocrx_word' id='word_1_102' title='bbox 755 1393 852 1435; x_wconf 80' lang='lat' dir='ltr'><strong>ergo</strong></span> <span class='ocrx_word' id='word_1_103' title='bbox 880 1378 1094 1420; x_wconf 80' lang='lat' dir='ltr'><strong>Abraham</strong></span> <span class='ocrx_word' id='word_1_104' title='bbox 1121 1379 1162 1419; x_wconf 91' lang='lat' dir='ltr'><strong>in</strong></span> <span class='ocrx_word' id='word_1_105' title='bbox 1183 1393 1265 1436; x_wconf 86' lang='lat' dir='ltr'><strong>quo</strong></span> <span class='ocrx_word' id='word_1_106' title='bbox 1292 1393 1375 1419; x_wconf 91' lang='lat' dir='ltr'><strong>non</strong></span> <span class='ocrx_word' id='word_1_107' title='bbox 1399 1386 1482 1419; x_wconf 82' lang='lat' dir='ltr'><strong>tam</strong></span> <span class='ocrx_word' id='word_1_108' title='bbox 1507 1375 1708 1434; x_wconf 70' lang='lat' dir='ltr'><strong>perfectio</strong></span> 
     </span>
     <span class='ocr_line' id='line_1_15' title="bbox 355 1442 1710 1505; baseline 0.002 -23"><span class='ocrx_word' id='word_1_109' title='bbox 355 1442 470 1499; x_wconf 87' lang='lat' dir='ltr'><strong>ejus,</strong></span> <span class='ocrx_word' id='word_1_110' title='bbox 497 1459 622 1500; x_wconf 78' lang='lat' dir='ltr'>quam</span> <span class='ocrx_word' id='word_1_111' title='bbox 649 1447 797 1489; x_wconf 83' lang='lat' dir='ltr'><strong>animae</strong></span> <span class='ocrx_word' id='word_1_112' title='bbox 820 1448 909 1505; x_wconf 83' lang='lat' dir='ltr'><strong>ejus</strong></span> <span class='ocrx_word' id='word_1_113' title='bbox 935 1449 1098 1490; x_wconf 75' lang='lat' dir='ltr'><strong>devotio</strong></span> <span class='ocrx_word' id='word_1_114' title='bbox 1115 1480 1124 1497; x_wconf 89' lang='lat'>‚</span> <span class='ocrx_word' id='word_1_115' title='bbox 1159 1456 1200 1490; x_wconf 79' lang='lat' dir='ltr'><strong>et</strong></span> <span class='ocrx_word' id='word_1_116' title='bbox 1221 1448 1372 1489; x_wconf 82' lang='lat' dir='ltr'><strong>mentis</strong></span> <span class='ocrx_word' id='word_1_117' title='bbox 1397 1447 1566 1488; x_wconf 83' lang='lat' dir='ltr'><strong>libertas</strong></span> <span class='ocrx_word' id='word_1_118' title='bbox 1586 1444 1710 1486; x_wconf 78' lang='lat' dir='ltr'><strong>exivit</strong></span> 
     </span>
     <span class='ocr_line' id='line_1_16' title="bbox 355 1514 1709 1571; baseline 0.001 -17"><span class='ocrx_word' id='word_1_119' title='bbox 355 1514 407 1554; x_wconf 86' lang='lat' dir='ltr'><strong>de</strong></span> <span class='ocrx_word' id='word_1_120' title='bbox 432 1515 618 1571; x_wconf 83' lang='lat' dir='ltr'><strong>corporis</strong></span> <span class='ocrx_word' id='word_1_121' title='bbox 648 1515 851 1566; x_wconf 68' lang='lat' dir='ltr'><strong>vinculis,</strong></span> <span class='ocrx_word' id='word_1_122' title='bbox 879 1519 929 1559; x_wconf 89' lang='lat' dir='ltr'><strong>de</strong></span> <span class='ocrx_word' id='word_1_123' title='bbox 957 1517 1162 1560; x_wconf 81' lang='lat' dir='ltr'><strong>illecebris</strong></span> <span class='ocrx_word' id='word_1_124' title='bbox 1189 1516 1487 1559; x_wconf 81' lang='lat' dir='ltr'><strong>delectationis.</strong></span> <span class='ocrx_word' id='word_1_125' title='bbox 1519 1515 1709 1570; x_wconf 88' lang='lat' dir='ltr'><strong>Denique</strong></span> 
     </span>
     <span class='ocr_line' id='line_1_17' title="bbox 356 1581 1711 1643; baseline 0.001 -20"><span class='ocrx_word' id='word_1_126' title='bbox 356 1581 415 1623; x_wconf 85' lang='lat' dir='ltr'><strong>sic</strong></span> <span class='ocrx_word' id='word_1_127' title='bbox 446 1582 600 1625; x_wconf 75' lang='lat' dir='ltr'><strong>habes:</strong></span> <span class='ocrx_word' id='word_1_128' title='bbox 630 1602 646 1622; x_wconf 84' lang='lat'>«</span> <span class='ocrx_word' id='word_1_129' title='bbox 668 1586 804 1628; x_wconf 78' lang='lat' dir='ltr'><strong>Exivit</strong></span> <span class='ocrx_word' id='word_1_130' title='bbox 832 1587 1045 1629; x_wconf 84' lang='lat' dir='ltr'>Abraham</span> <span class='ocrx_word' id='word_1_131' title='bbox 1072 1587 1430 1643; x_wconf 85' lang='lat' dir='ltr'>quemadmodum</span> <span class='ocrx_word' id='word_1_132' title='bbox 1458 1588 1625 1627; x_wconf 82' lang='lat' dir='ltr'><strong>locutus</strong></span> <span class='ocrx_word' id='word_1_133' title='bbox 1647 1592 1711 1626; x_wconf 84' lang='lat' dir='ltr'><strong>est</strong></span> 
     </span>
     <span class='ocr_line' id='line_1_18' title="bbox 356 1651 1709 1712; baseline 0.004 -22"><span class='ocrx_word' id='word_1_134' title='bbox 356 1651 442 1693; x_wconf 90' lang='lat' dir='ltr'><strong>»illi</strong></span> <span class='ocrx_word' id='word_1_135' title='bbox 465 1653 589 1696; x_wconf 85' lang='lat' dir='ltr'><strong>Deus.</strong></span> <span class='ocrx_word' id='word_1_136' title='bbox 619 1672 634 1693; x_wconf 71' lang='lat' dir='ltr'>n</span> <span class='ocrx_word' id='word_1_137' title='bbox 668 1654 800 1712; x_wconf 83' lang='lat' dir='ltr'><strong>Supra</strong></span> <span class='ocrx_word' id='word_1_138' title='bbox 825 1656 976 1706; x_wconf 85' lang='lat' dir='ltr'><strong>habes,</strong></span> <span class='ocrx_word' id='word_1_139' title='bbox 1004 1657 1134 1706; x_wconf 83' lang='lat' dir='ltr'><strong>«Exi,</strong></span> <span class='ocrx_word' id='word_1_140' title='bbox 1159 1677 1174 1696; x_wconf 84' lang='lat'>»</span> <span class='ocrx_word' id='word_1_141' title='bbox 1204 1658 1354 1699; x_wconf 84' lang='lat' dir='ltr'><strong>dixisse</strong></span> <span class='ocrx_word' id='word_1_142' title='bbox 1374 1657 1509 1699; x_wconf 91' lang='lat' dir='ltr'><strong>Deum</strong></span> <span class='ocrx_word' id='word_1_143' title='bbox 1527 1688 1536 1704; x_wconf 95' lang='lat'><strong>,</strong></span> <span class='ocrx_word' id='word_1_144' title='bbox 1561 1655 1602 1697; x_wconf 87' lang='lat' dir='ltr'><strong>iu</strong></span> <span class='ocrx_word' id='word_1_145' title='bbox 1625 1669 1709 1711; x_wconf 90' lang='lat' dir='ltr'><strong>quo</strong></span> 
     </span>
     <span class='ocr_line' id='line_1_19' title="bbox 358 1724 1710 1785; baseline 0.002 -23"><span class='ocrx_word' id='word_1_146' title='bbox 358 1730 546 1778; x_wconf 79' lang='lat' dir='ltr'><strong>apertum</strong></span> <span class='ocrx_word' id='word_1_147' title='bbox 572 1724 793 1781; x_wconf 88' lang='lat' dir='ltr'><strong>imperium</strong></span> <span class='ocrx_word' id='word_1_148' title='bbox 814 1726 1000 1782; x_wconf 83' lang='lat' dir='ltr'><strong>jubentis</strong></span> <span class='ocrx_word' id='word_1_149' title='bbox 1023 1742 1264 1785; x_wconf 84' lang='lat' dir='ltr'><strong>expressum</strong></span> <span class='ocrx_word' id='word_1_150' title='bbox 1285 1743 1293 1768; x_wconf 92' lang='lat'>:</span> <span class='ocrx_word' id='word_1_151' title='bbox 1317 1727 1386 1768; x_wconf 86' lang='lat' dir='ltr'><strong>hic</strong></span> <span class='ocrx_word' id='word_1_152' title='bbox 1409 1726 1538 1769; x_wconf 84' lang='lat' dir='ltr'><strong>habes</strong></span> <span class='ocrx_word' id='word_1_153' title='bbox 1560 1739 1710 1781; x_wconf 89' lang='lat' dir='ltr'><strong>quem-</strong></span> 
     </span>
     <span class='ocr_line' id='line_1_20' title="bbox 358 1790 1710 1852; baseline 0.002 -21"><span class='ocrx_word' id='word_1_154' title='bbox 358 1790 585 1834; x_wconf 80' lang='lat' dir='ltr'>admodum</span> <span class='ocrx_word' id='word_1_155' title='bbox 615 1795 780 1836; x_wconf 79' lang='lat' dir='ltr'><strong>loeutus</strong></span> <span class='ocrx_word' id='word_1_156' title='bbox 810 1803 873 1837; x_wconf 81' lang='lat' dir='ltr'><strong>est</strong></span> <span class='ocrx_word' id='word_1_157' title='bbox 899 1796 956 1838; x_wconf 92' lang='lat' dir='ltr'><strong>illi</strong></span> <span class='ocrx_word' id='word_1_158' title='bbox 990 1796 1114 1838; x_wconf 84' lang='lat' dir='ltr'><strong>Deus.</strong></span> <span class='ocrx_word' id='word_1_159' title='bbox 1149 1796 1278 1848; x_wconf 83' lang='lat' dir='ltr'><strong>Quasi</strong></span> <span class='ocrx_word' id='word_1_160' title='bbox 1309 1796 1480 1852; x_wconf 87' lang='lat' dir='ltr'><strong>quidam</strong></span> <span class='ocrx_word' id='word_1_161' title='bbox 1512 1794 1710 1837; x_wconf 68' lang='lat' dir='ltr'><strong>confabu-</strong></span> 
     </span>
     <span class='ocr_line' id='line_1_21' title="bbox 356 1860 1710 1922; baseline 0.004 -22"><span class='ocrx_word' id='word_1_162' title='bbox 356 1860 520 1902; x_wconf 70' lang='lat' dir='ltr'><strong>lationis</strong></span> <span class='ocrx_word' id='word_1_163' title='bbox 555 1861 729 1905; x_wconf 73' lang='lat' dir='ltr'><strong>affectus</strong></span> <span class='ocrx_word' id='word_1_164' title='bbox 759 1866 1154 1922; x_wconf 75' lang='lat' dir='ltr'><strong>comprehendit11r3</strong></span> <span class='ocrx_word' id='word_1_165' title='bbox 1185 1866 1323 1910; x_wconf 85' lang='lat' dir='ltr'><strong>omnia</strong></span> <span class='ocrx_word' id='word_1_166' title='bbox 1355 1865 1468 1908; x_wconf 88' lang='lat' dir='ltr'><strong>enim</strong></span> <span class='ocrx_word' id='word_1_167' title='bbox 1492 1864 1592 1907; x_wconf 86' lang='lat' dir='ltr'><strong>fecit</strong></span> <span class='ocrx_word' id='word_1_168' title='bbox 1618 1878 1710 1920; x_wconf 82' lang='lat' dir='ltr'><strong>quae</strong></span> 
     </span>
     <span class='ocr_line' id='line_1_22' title="bbox 356 1932 1708 1991; baseline 0.003 -21"><span class='ocrx_word' id='word_1_169' title='bbox 356 1937 509 1971; x_wconf 80' lang='lat' dir='ltr'><strong>statuta</strong></span> <span class='ocrx_word' id='word_1_170' title='bbox 531 1939 639 1973; x_wconf 82' lang='lat' dir='ltr'><strong>sunt.</strong></span> <span class='ocrx_word' id='word_1_171' title='bbox 668 1933 777 1975; x_wconf 88' lang='lat' dir='ltr'><strong>Ante</strong></span> <span class='ocrx_word' id='word_1_172' title='bbox 797 1934 956 1975; x_wconf 82' lang='lat' dir='ltr'><strong>factum</strong></span> <span class='ocrx_word' id='word_1_173' title='bbox 978 1935 1104 1991; x_wconf 80' lang='lat' dir='ltr'><strong>igitur</strong></span> <span class='ocrx_word' id='word_1_174' title='bbox 1125 1935 1238 1976; x_wconf 87' lang='lat' dir='ltr'><strong>Deus</strong></span> <span class='ocrx_word' id='word_1_175' title='bbox 1257 1934 1357 1976; x_wconf 89' lang='lat' dir='ltr'><strong>dicit</strong></span> <span class='ocrx_word' id='word_1_176' title='bbox 1378 1933 1493 1991; x_wconf 83' lang='lat' dir='ltr'><strong>quasi</strong></span> <span class='ocrx_word' id='word_1_177' title='bbox 1511 1932 1708 1980; x_wconf 82' lang='lat' dir='ltr'><strong>obnoxio,</strong></span> 
     </span>
     <span class='ocr_line' id='line_1_23' title="bbox 316 2000 1707 2059; baseline 0.004 -20"><span class='ocrx_word' id='word_1_178' title='bbox 316 2010 321 2013; x_wconf 69' lang='lat'><strong><em>‘</em></strong></span> <span class='ocrx_word' id='word_1_179' title='bbox 356 2007 449 2056; x_wconf 88' lang='lat' dir='ltr'><strong>post</strong></span> <span class='ocrx_word' id='word_1_180' title='bbox 472 2000 629 2042; x_wconf 79' lang='lat' dir='ltr'><strong>sactum</strong></span> <span class='ocrx_word' id='word_1_181' title='bbox 655 2003 841 2058; x_wconf 85' lang='lat' dir='ltr'><strong>loquitur</strong></span> <span class='ocrx_word' id='word_1_182' title='bbox 865 2005 980 2059; x_wconf 83' lang='lat' dir='ltr'><strong>quasi</strong></span> <span class='ocrx_word' id='word_1_183' title='bbox 1007 2004 1154 2046; x_wconf 84' lang='lat' dir='ltr'><strong>amico.</strong></span> <span class='ocrx_word' id='word_1_184' title='bbox 1183 2004 1354 2045; x_wconf 87' lang='lat' dir='ltr'><strong>Amicus</strong></span> <span class='ocrx_word' id='word_1_185' title='bbox 1377 2011 1439 2046; x_wconf 89' lang='lat' dir='ltr'><strong>est</strong></span> <span class='ocrx_word' id='word_1_186' title='bbox 1454 2003 1565 2045; x_wconf 85' lang='lat' dir='ltr'><strong>onim</strong></span> <span class='ocrx_word' id='word_1_187' title='bbox 1589 2003 1676 2045; x_wconf 86' lang='lat' dir='ltr'><strong>Deo</strong></span> <span class='ocrx_word' id='word_1_188' title='bbox 1697 2034 1707 2050; x_wconf 90' lang='lat'><strong>,</strong></span> 
     </span>
     <span class='ocr_line' id='line_1_24' title="bbox 359 2069 1712 2130; baseline 0.001 -20"><span class='ocrx_word' id='word_1_189' title='bbox 359 2070 430 2126; x_wconf 90' lang='lat' dir='ltr'><strong>qui</strong></span> <span class='ocrx_word' id='word_1_190' title='bbox 452 2069 551 2112; x_wconf 84' lang='lat' dir='ltr'><strong>facit</strong></span> <span class='ocrx_word' id='word_1_191' title='bbox 574 2087 665 2128; x_wconf 87' lang='lat' dir='ltr'><strong>quae</strong></span> <span class='ocrx_word' id='word_1_192' title='bbox 687 2073 887 2130; x_wconf 81' lang='lat' dir='ltr'><strong>imperata</strong></span> <span class='ocrx_word' id='word_1_193' title='bbox 909 2082 1017 2116; x_wconf 89' lang='lat' dir='ltr'><strong>sunt.</strong></span> <span class='ocrx_word' id='word_1_194' title='bbox 1051 2076 1169 2116; x_wconf 72' lang='lat' dir='ltr'><strong>[nde</strong></span> <span class='ocrx_word' id='word_1_195' title='bbox 1193 2083 1233 2116; x_wconf 87' lang='lat' dir='ltr'><strong>et</strong></span> <span class='ocrx_word' id='word_1_196' title='bbox 1257 2074 1297 2116; x_wconf 90' lang='lat' dir='ltr'><strong>in</strong></span> <span class='ocrx_word' id='word_1_197' title='bbox 1318 2073 1540 2130; x_wconf 75' lang='lat' dir='ltr'><strong>Evangelio</strong></span> <span class='ocrx_word' id='word_1_198' title='bbox 1558 2087 1632 2114; x_wconf 92' lang='lat' dir='ltr'><strong>suo</strong></span> <span class='ocrx_word' id='word_1_199' title='bbox 1655 2071 1712 2113; x_wconf 91' lang='lat' dir='ltr'><strong>di-</strong></span> 
     </span>
     <span class='ocr_line' id='line_1_25' title="bbox 360 2141 1712 2201; baseline 0 -19"><span class='ocrx_word' id='word_1_200' title='bbox 360 2141 417 2182; x_wconf 85' lang='lat' dir='ltr'><strong>cit</strong></span> <span class='ocrx_word' id='word_1_201' title='bbox 434 2141 638 2184; x_wconf 86' lang='lat' dir='ltr'><strong>Dominus</strong></span> <span class='ocrx_word' id='word_1_202' title='bbox 659 2142 809 2185; x_wconf 87' lang='lat' dir='ltr'><strong>Jesus:</strong></span> <span class='ocrx_word' id='word_1_203' title='bbox 841 2162 856 2181; x_wconf 78' lang='grc' dir='ltr'>α</span> <span class='ocrx_word' id='word_1_204' title='bbox 873 2143 956 2186; x_wconf 86' lang='lat' dir='ltr'><strong>Vos</strong></span> <span class='ocrx_word' id='word_1_205' title='bbox 978 2144 1100 2185; x_wconf 84' lang='lat' dir='ltr'><strong>amici</strong></span> <span class='ocrx_word' id='word_1_206' title='bbox 1121 2143 1203 2185; x_wconf 88' lang='lat' dir='ltr'><strong>mei</strong></span> <span class='ocrx_word' id='word_1_207' title='bbox 1220 2143 1332 2191; x_wconf 86' lang='lat' dir='ltr'><strong>estis,</strong></span> <span class='ocrx_word' id='word_1_208' title='bbox 1353 2143 1385 2184; x_wconf 89' lang='lat' dir='ltr'><strong>si</strong></span> <span class='ocrx_word' id='word_1_209' title='bbox 1405 2141 1601 2201; x_wconf 75' lang='lat' dir='ltr'><strong>feceritis,</strong></span> <span class='ocrx_word' id='word_1_210' title='bbox 1620 2155 1712 2197; x_wconf 87' lang='lat' dir='ltr'><strong>quae</strong></span> 
     </span>
     <span class='ocr_line' id='line_1_26' title="bbox 357 2210 1713 2269; baseline 0 -18"><span class='ocrx_word' id='word_1_211' title='bbox 357 2227 464 2268; x_wconf 77' lang='lat' dir='ltr'><strong>»ego</strong></span> <span class='ocrx_word' id='word_1_212' title='bbox 487 2212 683 2269; x_wconf 84' lang='lat' dir='ltr'><strong>praecipio</strong></span> <span class='ocrx_word' id='word_1_213' title='bbox 702 2214 829 2255; x_wconf 79' lang='lat' dir='ltr'><strong>vobis.</strong></span> <span class='ocrx_word' id='word_1_214' title='bbox 857 2213 951 2255; x_wconf 83' lang='lat' dir='ltr'><strong>Jam</strong></span> <span class='ocrx_word' id='word_1_215' title='bbox 975 2229 1059 2255; x_wconf 88' lang='lat' dir='ltr'><strong>non</strong></span> <span class='ocrx_word' id='word_1_216' title='bbox 1082 2213 1174 2255; x_wconf 89' lang='lat' dir='ltr'><strong>dico</strong></span> <span class='ocrx_word' id='word_1_217' title='bbox 1195 2229 1266 2255; x_wconf 85' lang='lat' dir='ltr'><strong>vos</strong></span> <span class='ocrx_word' id='word_1_218' title='bbox 1287 2227 1425 2254; x_wconf 76' lang='lat' dir='ltr'><strong>servos</strong></span> <span class='ocrx_word' id='word_1_219' title='bbox 1449 2211 1480 2253; x_wconf 75' lang='lat'><strong>³.</strong></span> <span class='ocrx_word' id='word_1_220' title='bbox 1503 2230 1518 2250; x_wconf 73' lang='lat' dir='ltr'>n</span> <span class='ocrx_word' id='word_1_221' title='bbox 1548 2210 1646 2259; x_wconf 89' lang='lat' dir='ltr'><strong>Sed,</strong></span> <span class='ocrx_word' id='word_1_222' title='bbox 1667 2217 1713 2251; x_wconf 82' lang='lat' dir='ltr'><strong>ut</strong></span> 
     </span>
     <span class='ocr_line' id='line_1_27' title="bbox 360 2280 1708 2341; baseline -0.001 -19"><span class='ocrx_word' id='word_1_223' title='bbox 360 2280 468 2328; x_wconf 79' lang='lat' dir='ltr'><strong>dixi,</strong></span> <span class='ocrx_word' id='word_1_224' title='bbox 493 2297 714 2338; x_wconf 80' lang='lat' dir='ltr'><strong>processus</strong></span> <span class='ocrx_word' id='word_1_225' title='bbox 736 2283 811 2324; x_wconf 86' lang='lat' dir='ltr'><strong>viri</strong></span> <span class='ocrx_word' id='word_1_226' title='bbox 838 2284 1032 2340; x_wconf 84' lang='lat' dir='ltr'><strong>sapientis</strong></span> <span class='ocrx_word' id='word_1_227' title='bbox 1054 2283 1290 2341; x_wconf 80' lang='lat' dir='ltr'><strong>propositus</strong></span> <span class='ocrx_word' id='word_1_228' title='bbox 1314 2290 1375 2324; x_wconf 83' lang='lat' dir='ltr'><strong>est</strong></span> <span class='ocrx_word' id='word_1_229' title='bbox 1396 2282 1516 2324; x_wconf 86' lang='lat' dir='ltr'><strong>nobis</strong></span> <span class='ocrx_word' id='word_1_230' title='bbox 1539 2283 1591 2322; x_wconf 89' lang='lat' dir='ltr'><strong>ad</strong></span> <span class='ocrx_word' id='word_1_231' title='bbox 1617 2280 1708 2322; x_wconf 88' lang='lat' dir='ltr'><strong>imi-</strong></span> 
     </span>
     <span class='ocr_line' id='line_1_28' title="bbox 361 2349 1712 2411; baseline -0.001 -19"><span class='ocrx_word' id='word_1_232' title='bbox 361 2352 562 2400; x_wconf 44' lang='lat' dir='ltr'><strong>tandum,</strong></span> <span class='ocrx_word' id='word_1_233' title='bbox 576 2352 757 2410; x_wconf 77' lang='lat' dir='ltr'><strong>scriptus</strong></span> <span class='ocrx_word' id='word_1_234' title='bbox 773 2355 824 2395; x_wconf 79' lang='lat' dir='ltr'><strong>ad</strong></span> <span class='ocrx_word' id='word_1_235' title='bbox 846 2353 1194 2411; x_wconf 75' lang='lat' dir='ltr'><strong>experimentum,</strong></span> <span class='ocrx_word' id='word_1_236' title='bbox 1218 2367 1302 2393; x_wconf 90' lang='lat' dir='ltr'><strong>non</strong></span> <span class='ocrx_word' id='word_1_237' title='bbox 1315 2351 1534 2409; x_wconf 82' lang='lat' dir='ltr'><strong>perfectio.</strong></span> <span class='ocrx_word' id='word_1_238' title='bbox 1563 2349 1712 2391; x_wconf 87' lang='lat' dir='ltr'><strong>Adhuc</strong></span> 
     </span>
     <span class='ocr_line' id='line_1_29' title="bbox 359 2418 1712 2477; baseline -0.002 -15"><span class='ocrx_word' id='word_1_239' title='bbox 359 2421 472 2462; x_wconf 87' lang='lat' dir='ltr'><strong>enim</strong></span> <span class='ocrx_word' id='word_1_240' title='bbox 493 2422 691 2463; x_wconf 79' lang='lat' dir='ltr'><strong>reformat</strong></span> <span class='ocrx_word' id='word_1_241' title='bbox 707 2437 750 2464; x_wconf 86' lang='lat' dir='ltr'><strong>se</strong></span> <span class='ocrx_word' id='word_1_242' title='bbox 765 2438 882 2464; x_wconf 88' lang='lat' dir='ltr'><strong>mens</strong></span> <span class='ocrx_word' id='word_1_243' title='bbox 900 2423 942 2464; x_wconf 89' lang='lat' dir='ltr'><strong>iu</strong></span> <span class='ocrx_word' id='word_1_244' title='bbox 964 2422 1176 2464; x_wconf 81' lang='lat' dir='ltr'>Abraham</span> <span class='ocrx_word' id='word_1_245' title='bbox 1191 2454 1201 2470; x_wconf 92' lang='lat'><strong>,</strong></span> <span class='ocrx_word' id='word_1_246' title='bbox 1221 2436 1312 2477; x_wconf 81' lang='lat' dir='ltr'><strong>quae</strong></span> <span class='ocrx_word' id='word_1_247' title='bbox 1331 2421 1371 2463; x_wconf 90' lang='lat' dir='ltr'><strong>in</strong></span> <span class='ocrx_word' id='word_1_248' title='bbox 1388 2419 1559 2462; x_wconf 90' lang='lat' dir='ltr'><strong>homine</strong></span> <span class='ocrx_word' id='word_1_249' title='bbox 1576 2418 1712 2476; x_wconf 88' lang='lat' dir='ltr'><strong>primo</strong></span> 
     </span>
     <span class='ocr_line' id='line_1_30' title="bbox 359 2488 1624 2551; baseline -0.002 -17"><span class='ocrx_word' id='word_1_250' title='bbox 359 2491 471 2547; x_wconf 78' lang='lat' dir='ltr'><strong>lapsa</strong></span> <span class='ocrx_word' id='word_1_251' title='bbox 493 2499 567 2532; x_wconf 86' lang='lat' dir='ltr'><strong>est.</strong></span> <span class='ocrx_word' id='word_1_252' title='bbox 599 2491 651 2533; x_wconf 83' lang='lat' dir='ltr'><strong>Et</strong></span> <span class='ocrx_word' id='word_1_253' title='bbox 674 2492 766 2534; x_wconf 88' lang='lat' dir='ltr'><strong>ideo</strong></span> <span class='ocrx_word' id='word_1_254' title='bbox 787 2508 862 2551; x_wconf 85' lang='lat' dir='ltr'><strong>per</strong></span> <span class='ocrx_word' id='word_1_255' title='bbox 882 2493 1032 2550; x_wconf 85' lang='lat' dir='ltr'><strong>gradus</strong></span> <span class='ocrx_word' id='word_1_256' title='bbox 1052 2500 1094 2534; x_wconf 88' lang='lat' dir='ltr'><strong>et</strong></span> <span class='ocrx_word' id='word_1_257' title='bbox 1111 2492 1370 2534; x_wconf 84' lang='lat' dir='ltr'><strong>incrementa</strong></span> <span class='ocrx_word' id='word_1_258' title='bbox 1392 2505 1436 2532; x_wconf 84' lang='lat' dir='ltr'><strong>se</strong></span> <span class='ocrx_word' id='word_1_259' title='bbox 1453 2488 1624 2546; x_wconf 82' lang='lat' dir='ltr'><strong>colligit.</strong></span> 
     </span>
    </p>
   </div>
   <div class='ocr_carea' id='block_1_6' title="bbox 408 2582 1522 2624">
    <p class='ocr_par' dir='ltr' id='par_1_6' title="bbox 408 2582 1522 2624">
     <span class='ocr_line' id='line_1_31' title="bbox 408 2582 1522 2624; baseline 0 -7"><span class='ocrx_word' id='word_1_260' title='bbox 408 2582 523 2617; x_wconf 60' lang='lat' dir='ltr'><strong>*Crem</strong></span> <span class='ocrx_word' id='word_1_261' title='bbox 554 2592 626 2623; x_wconf 60' lang='grc' dir='ltr'><strong>ιιι,</strong></span> <span class='ocrx_word' id='word_1_262' title='bbox 652 2583 682 2623; x_wconf 72' lang='grc'><strong>4.</strong></span> <span class='ocrx_word' id='word_1_263' title='bbox 714 2600 753 2610; x_wconf 75' lang='lat'><strong>—-</strong></span> <span class='ocrx_word' id='word_1_264' title='bbox 780 2591 792 2608; x_wconf 78' lang='lat'>⁸</span> <span class='ocrx_word' id='word_1_265' title='bbox 822 2584 916 2622; x_wconf 82' lang='lat' dir='ltr'><strong>Deut·</strong></span> <span class='ocrx_word' id='word_1_266' title='bbox 949 2595 1027 2621; x_wconf 67' lang='lat'>3111,</span> <span class='ocrx_word' id='word_1_267' title='bbox 1047 2584 1079 2624; x_wconf 67' lang='grc'><strong>4.</strong></span> <span class='ocrx_word' id='word_1_268' title='bbox 1107 2601 1147 2612; x_wconf 48' lang='grc'><strong>-«-’</strong></span> <span class='ocrx_word' id='word_1_269' title='bbox 1168 2584 1182 2608; x_wconf 85' lang='lat'>³</span> <span class='ocrx_word' id='word_1_270' title='bbox 1209 2582 1307 2619; x_wconf 74' lang='lat' dir='ltr'><strong>Joan.</strong></span> <span class='ocrx_word' id='word_1_271' title='bbox 1331 2593 1381 2622; x_wconf 76' lang='lat' dir='ltr'><strong>xv,</strong></span> <span class='ocrx_word' id='word_1_272' title='bbox 1403 2582 1522 2621; x_wconf 72' lang='lat'><strong>14.15·</strong></span> 
     </span>
    </p>
   </div>
   <div class='ocr_carea' id='block_1_7' title="bbox 1705 0 1742 3233">
    <p class='ocr_par' dir='ltr' id='par_1_7' title="bbox 1705 0 1742 3233">
     <span class='ocr_line' id='line_1_32' title="bbox 1705 0 1742 3233; baseline 0 0"><span class='ocrx_word' id='word_1_273' title='bbox 1705 0 1742 3233; x_wconf 95' lang='lat' dir='ltr'><strong> </strong></span> 
     </span>
    </p>
   </div>
  </div>
 </body>
</html>
