1747 3260
480 300 771 332 HEXAEMERON.
808 301 886 328 nm.
923 299 960 326 v.
1321 286 1403 343 187

45 382 207 431 ferunt,
226 382 440 438 inquibus
462 390 532 424 aut
553 389 775 424 ventorum
803 377 972 421 mollior
995 375 1048 418 sit
1069 375 1309 433 placiditas,
1334 386 1411 420 aut

46 453 143 495 solis
164 453 294 494 soleat
315 467 489 494 vernare
512 451 749 508 temperies.
778 448 901 492 Novit
924 447 1050 505 igitur
1071 446 1195 504 piscis
1216 447 1403 503 pariendi

45 529 210 579 tempus
226 555 235 571 ,
259 524 372 578 quod
395 538 471 579 pro
498 537 649 579 magno
676 519 876 578 mysterio
905 517 1005 560 dixit
1033 517 1230 559 Salomon
1261 517 1303 557 in
1326 517 1404 558 Sa-

45 591 199 648 pientia
219 607 228 633 :
256 610 270 629 «
283 592 578 649 Novittcmpus
589 591 716 634 eundi
736 598 858 646 atque
875 585 1224 629 redeundiznovit
1240 593 1405 642 tempus

46 661 345 718 perfunctionis
372 671 412 703 et
428 662 664 717 jactationis
679 693 688 709 ,
709 668 751 701 et
773 659 886 700 novit
908 666 954 699 ut
977 673 1061 698 non
1084 664 1208 713 queat
1227 654 1333 696 salli¹
1351 673 1361 703 ;
1376 675 1398 694 »v

46 732 141 787 quia
164 746 248 773 11011
273 732 446 773 rationis
467 731 762 778 aestiinatione‚
786 738 828 771 ct
849 728 1139 785 disputationis
1157 735 1404 784 argumento

45 802 179 843 utitur
200 834 210 849 ‚
242 804 317 843 sed
353 802 620 859 inspiratione
652 810 832 847 naturae,
867 815 956 856 quae
989 814 1085 839 vera
1116 807 1178 839 est
1212 798 1407 855 magistra

46 871 223 928 pietatis.
251 871 450 927 Denique
473 886 618 913 omnes
641 871 870 912 animantes
893 868 1133 925 praescripta
1155 867 1312 909 habent
1333 883 1408 923 pa—

45 938 178 981 riendi
203 948 412 997 tempora,
439 942 571 982 homo
604 943 716 982 solus
742 940 965 981 indiscreta
985 947 1108 994 atque
1125 937 1308 978 confusa.
1331 937 1407 977 Re-

43 1010 156 1066 liqua
175 1026 325 1067 genera
346 1012 613 1053 elementiam
632 1011 830 1068 temporis
850 1017 1044 1066 quaerunt
1060 1041 1069 1057 ‚
1089 1008 1287 1048 mulieres
1310 1009 1406 1047 solae

43 1089 185 1139 partus
209 1097 309 1122 51105
330 1081 606 1124 inclementer
629 1081 863 1123 effundunt.
893 1081 1005 1137 Vaga
1037 1080 1150 1121 enim
1178 1087 1218 1120 et
1250 1078 1406 1133 intem-

43 1166 193 1208 perans
226 1151 355 1192 libido
378 1152 605 1208 generandi
631 1167 777 1208 vagam
807 1151 997 1209 pariendi
1028 1159 1190 1192 {etatem
1219 1149 1400 1190 exhibet.

42 1221 180 1264 Pisces
205 1229 316 1262 tanta
334 1222 464 1263 maria
486 1222 795 1270 transmittunt,
826 1230 872 1263 ut
894 1213 1115 1263 utilitatem
1140 1220 1318 1275 aliquam
1340 1234 1406 1275 ge-

45 1291 137 1333 neri
165 1307 238 1332 suo
263 1300 462 1348 quaerant.
494 1292 577 1334 Nos
600 1307 768 1348 quoque
793 1291 939 1333 diffusa
967 1306 1134 1347 {equora
1162 1289 1408 1332 transfreta-

43 1375 162 1402 mus:
180 1363 251 1402 secl
268 1370 423 1417 quanto
442 1361 672 1410 honestius,
689 1363 803 1418 quod
818 1361 1093 1402 successionis
1108 1375 1263 1407 amore,
1281 1373 1407 1414 quam

45 1432 159 1486 quod
183 1431 369 1486 [1001111111ὶ
396 1431 591 1473 aviditate
617 1431 866 1487 suscipitur?
886 1431 1076 1486 Denique
1100 1430 1178 1471 illis
1203 1431 1253 1470 acl
1276 1428 1409 1485 pieta-

45 1508 155 1547 tem,
187 1500 308 1541 1101115
330 1502 381 1541 ad
408 1509 614 1557 quaestum
636 1500 894 1543 transmissio
920 1501 1158 1555 (leputatur.
1195 1498 1258 1539 Illi
1281 1499 1408 1538 sobo-

44 1569 128 1611 lem
159 1569 346 1610 referunt
365 1571 559 1611 omnibus
582 1570 795 1611 mercibus
825 1570 1058 1611 chariorem
1089 1585 1097 1610 :
1124 1585 1198 1610 nos
1225 1584 1410 1609 mercem

45 1640 169 1696 louge
199 1640 402 1696 imparem
435 1643 487 1682 ad
516 1640 690 1697 periculi
722 1640 857 1682 vicem
886 1640 1036 1681 misera
1074 1640 1180 1680 lucri
1214 1638 1410 1694 cupidine

45 1716 324 1764 reportamus’.
352 1710 497 1765 Itaque
520 1710 576 1751 illi
604 1710 781 1767 patriam
811 1718 1008 1766 repetunt
1032 1725 1040 1750 :
1062 1725 1137 1750 nos
1161 1708 1410 1764 derelinqui-

44 1792 150 1819 mus.
179 1779 262 1819 Illis
295 1781 433 1820 nando
466 1780 777 1821 incrementum
799 1779 963 1836 generis
996 1779 1226 1835 acquiritur
1254 1793 1262 1818 :
1289 1778 1409 1819 nobis

44 1847 250 1888 minuitur
276 1849 523 1905 navigando,

103 1915 269 1980 XXXI.
310 1919 413 1969 Quis
442 1919 569 1976 igitur
592 1927 716 1976 neget
741 1919 939 1960 divinitus
968 1919 1048 1960 illis
1075 1918 1260 1960 infusum
1292 1917 1419 1975 inge-

44 1985 162 2027 nium
183 2002 272 2029 esse
292 1988 538 2044 hujusmodi
562 1998 686 2046 atque
704 1990 937 2031 virtutem?
961 1990 1067 2030 Cum
1090 1989 1229 2030 videat
1252 1989 1348 2030 istos
1367 1990 1408 2031 in

2 2109 6 2117 ‚
48 2055 301 2112 Aquilonem
329 2067 412 2100 tam
435 2061 665 2101 solemnem
691 2060 896 2101 obeundae
920 2058 1204 2101 foecunditatis
1225 2059 1412 2117 peregri-

47 2127 260 2169 nationem
272 2130 409 2171 -vivaci
425 2131 591 2188 ingenio
607 2146 861 2189 componere
876 2147 886 2178 3
903 2131 1004 2171 alios
1017 2130 1058 2171 in
1071 2130 1219 2187 exiguo
1235 2144 1413 2187 corpore

44 2203 210 2239 tantum
248 2199 471 2242 validitatis
504 2217 745 2250 assumere,
783 2208 829 2242 ut
850 2201 1050 2242 maximas
1080 2200 1249 2242 navium
1283 2200 1416 2257 plenis

45 2275 265 2309 currentes
298 2269 398 2310 velis
427 2270 467 2310 in
503 2270 653 2312 mediis
687 2270 888 2312 fluctibus
921 2271 1066 2313 sistant
1096 2287 1105 2312 ε
1136 2271 1244 2312 sicut
1277 2270 1417 2313 brevis

43 2335 272 2393 pisciculus
285 2339 482 2382 echeneis
500 2348 612 2382 tanta
626 2340 825 2382 facilitate
839 2349 1263 2383 memoratur-navem
1276 2341 1420 2397 ingen-

36 2413 129 2448 'tem
151 2408 328 2457 sistere3
359 2418 405 2451 ut
437 2411 556 2467 quasi
579 2411 808 2452 radicatam
833 2412 937 2452 mari
965 2411 1126 2453 haerere
1152 2411 1313 2459 videas,
1337 2425 1415 2454 nec

45 2479 219 2521 moveri.
257 2479 514 2537 Aliquandiu
547 2481 660 2522 enim
685 2481 947 2522 immobilem
970 2490 1121 2524 ser-vah
1155 2482 1289 2535 An‘et
1315 2480 1416 2523 huic

44 2557 167 2604 putas
181 2550 268 2593 sine
281 2551 492 2594 Greatoris
511 2567 690 2594 munere
707 2560 876 2594 tantum
886 2553 1313 2612 potuissesuppetcre
1329 2552 1416 2594 vir-

90 2648 101 2664 ¹
124 2639 234 2674 Eccle.
254 2654 306 2679 111,
322 2643 399 2679 3,e1
416 2654 505 2687 seqq.
