<?xml version="1.0" encoding="UTF-8"?>
<!DOCTYPE html PUBLIC "-//W3C//DTD XHTML 1.0 Transitional//EN"
    "http://www.w3.org/TR/xhtml1/DTD/xhtml1-transitional.dtd">
<html xmlns="http://www.w3.org/1999/xhtml" xml:lang="en" lang="en">
 <head>
  <title>
</title>
<meta http-equiv="Content-Type" content="text/html;charset=utf-8" />
  <meta name='ocr-system' content='tesseract 3.04.00' />
  <meta name='ocr-capabilities' content='ocr_page ocr_carea ocr_par ocr_line ocrx_word'/>
</head>
<body>
  <div class='ocr_page' id='page_1' title='image "./omniaequaeextant01ambruoft_0453.png"; bbox 0 0 1742 3233; ppageno 0'>
   <div class='ocr_carea' id='block_1_1' title="bbox 351 273 1376 322">
    <p class='ocr_par' dir='ltr' id='par_1_1' title="bbox 351 273 1376 322">
     <span class='ocr_line' id='line_1_1' title="bbox 351 273 1376 322; baseline -0.006 -3"><span class='ocrx_word' id='word_1_1' title='bbox 351 294 400 319; x_wconf 65' lang='lat' dir='ltr'>nn</span> <span class='ocrx_word' id='word_1_2' title='bbox 433 292 510 319; x_wconf 75' lang='lat' dir='ltr'>Noss</span> <span class='ocrx_word' id='word_1_3' title='bbox 545 290 596 318; x_wconf 77' lang='lat' dir='ltr'>m·</span> <span class='ocrx_word' id='word_1_4' title='bbox 629 289 749 317; x_wconf 74' lang='lat' dir='ltr'><strong>ARCA.</strong></span> <span class='ocrx_word' id='word_1_5' title='bbox 787 290 906 318; x_wconf 65' lang='lat' dir='ltr'>mmm</span> <span class='ocrx_word' id='word_1_6' title='bbox 940 289 1055 317; x_wconf 83' lang='lat' dir='ltr'>UNUs.</span> <span class='ocrx_word' id='word_1_7' title='bbox 1293 273 1376 322; x_wconf 75' lang='lat'>423</span> 
     </span>
    </p>
   </div>
   <div class='ocr_carea' id='block_1_2' title="bbox 0 364 1399 2599">
    <p class='ocr_par' dir='ltr' id='par_1_2' title="bbox 0 364 1399 1755">
     <span class='ocr_line' id='line_1_2' title="bbox 38 364 1385 426; baseline -0.004 -15"><span class='ocrx_word' id='word_1_8' title='bbox 38 369 208 417; x_wconf 87' lang='lat' dir='ltr'>truitur,</span> <span class='ocrx_word' id='word_1_9' title='bbox 232 377 275 411; x_wconf 88' lang='lat' dir='ltr'>et</span> <span class='ocrx_word' id='word_1_10' title='bbox 299 383 401 426; x_wconf 81' lang='lat' dir='ltr'>opus</span> <span class='ocrx_word' id='word_1_11' title='bbox 424 368 560 425; x_wconf 88' lang='lat' dir='ltr'>ipsum</span> <span class='ocrx_word' id='word_1_12' title='bbox 581 367 814 425; x_wconf 81' lang='lat' dir='ltr'>perfectum</span> <span class='ocrx_word' id='word_1_13' title='bbox 836 381 925 408; x_wconf 83' lang='lat' dir='ltr'>esse</span> <span class='ocrx_word' id='word_1_14' title='bbox 946 367 994 408; x_wconf 89' lang='lat' dir='ltr'>iis</span> <span class='ocrx_word' id='word_1_15' title='bbox 1018 364 1283 408; x_wconf 79' lang='lat' dir='ltr'><strong>sermonibus</strong></span> <span class='ocrx_word' id='word_1_16' title='bbox 1307 364 1385 421; x_wconf 86' lang='lat' dir='ltr'>sig·</span> 
     </span>
     <span class='ocr_line' id='line_1_3' title="bbox 36 433 1383 490; baseline -0.005 -9"><span class='ocrx_word' id='word_1_17' title='bbox 36 439 240 482; x_wconf 85' lang='lat' dir='ltr'>nificatur.</span> <span class='ocrx_word' id='word_1_18' title='bbox 272 439 485 490; x_wconf 85' lang='lat' dir='ltr'>Quadrata</span> <span class='ocrx_word' id='word_1_19' title='bbox 516 444 654 480; x_wconf 85' lang='lat' dir='ltr'>autem</span> <span class='ocrx_word' id='word_1_20' title='bbox 684 437 865 480; x_wconf 87' lang='lat' dir='ltr'>hominis</span> <span class='ocrx_word' id='word_1_21' title='bbox 884 437 1076 485; x_wconf 84' lang='lat' dir='ltr'>membra</span> <span class='ocrx_word' id='word_1_22' title='bbox 1099 450 1188 477; x_wconf 88' lang='lat' dir='ltr'>esse</span> <span class='ocrx_word' id='word_1_23' title='bbox 1213 433 1383 476; x_wconf 82' lang='lat' dir='ltr'>evidens</span> 
     </span>
     <span class='ocr_line' id='line_1_4' title="bbox 36 507 1382 566; baseline -0.005 -13"><span class='ocrx_word' id='word_1_24' title='bbox 36 510 161 558; x_wconf 87' lang='lat' dir='ltr'>ratio,</span> <span class='ocrx_word' id='word_1_25' title='bbox 184 509 216 552; x_wconf 88' lang='lat' dir='ltr'>si</span> <span class='ocrx_word' id='word_1_26' title='bbox 245 508 480 551; x_wconf 76' lang='lat' dir='ltr'>consideres</span> <span class='ocrx_word' id='word_1_27' title='bbox 512 517 659 566; x_wconf 75' lang='lat' dir='ltr'>pectus</span> <span class='ocrx_word' id='word_1_28' title='bbox 685 507 887 557; x_wconf 90' lang='lat' dir='ltr'>hominis,</span> <span class='ocrx_word' id='word_1_29' title='bbox 921 507 1160 549; x_wconf 82' lang='lat' dir='ltr'><strong>consideres</strong></span> <span class='ocrx_word' id='word_1_30' title='bbox 1189 512 1382 547; x_wconf 86' lang='lat' dir='ltr'>ventrem</span> 
     </span>
     <span class='ocr_line' id='line_1_5' title="bbox 35 576 1385 638; baseline -0.005 -16"><span class='ocrx_word' id='word_1_31' title='bbox 35 579 124 638; x_wconf 83' lang='lat' dir='ltr'>pari</span> <span class='ocrx_word' id='word_1_32' title='bbox 138 594 333 621; x_wconf 89' lang='lat' dir='ltr'>mensura</span> <span class='ocrx_word' id='word_1_33' title='bbox 354 578 624 636; x_wconf 84' lang='lat' dir='ltr'>longitudinis</span> <span class='ocrx_word' id='word_1_34' title='bbox 644 587 686 620; x_wconf 85' lang='lat' dir='ltr'>et</span> <span class='ocrx_word' id='word_1_35' title='bbox 707 577 955 626; x_wconf 86' lang='lat' dir='ltr'>latitudinis,</span> <span class='ocrx_word' id='word_1_36' title='bbox 975 576 1052 619; x_wconf 87' lang='lat' dir='ltr'>nisi</span> <span class='ocrx_word' id='word_1_37' title='bbox 1077 587 1176 618; x_wconf 89' lang='lat' dir='ltr'>cum</span> <span class='ocrx_word' id='word_1_38' title='bbox 1197 576 1385 632; x_wconf 85' lang='lat' dir='ltr'>volupta-</span> 
     </span>
     <span class='ocr_line' id='line_1_6' title="bbox 36 644 1377 706; baseline -0.005 -15"><span class='ocrx_word' id='word_1_39' title='bbox 36 649 146 692; x_wconf 82' lang='lat' dir='ltr'>tibus</span> <span class='ocrx_word' id='word_1_40' title='bbox 163 657 203 690; x_wconf 92' lang='lat' dir='ltr'>et</span> <span class='ocrx_word' id='word_1_41' title='bbox 218 648 351 706; x_wconf 87' lang='lat' dir='ltr'>epulis</span> <span class='ocrx_word' id='word_1_42' title='bbox 366 656 511 690; x_wconf 84' lang='lat' dir='ltr'>ventre</span> <span class='ocrx_word' id='word_1_43' title='bbox 528 649 706 691; x_wconf 87' lang='lat' dir='ltr'>distento</span> <span class='ocrx_word' id='word_1_44' title='bbox 723 661 918 690; x_wconf 85' lang='lat' dir='ltr'>mensura</span> <span class='ocrx_word' id='word_1_45' title='bbox 935 646 1134 689; x_wconf 85' lang='lat' dir='ltr'>naturalis</span> <span class='ocrx_word' id='word_1_46' title='bbox 1147 644 1377 687; x_wconf 81' lang='lat' dir='ltr'>exceditur.</span> 
     </span>
     <span class='ocr_line' id='line_1_7' title="bbox 35 714 1387 776; baseline -0.004 -15"><span class='ocrx_word' id='word_1_47' title='bbox 35 719 130 761; x_wconf 84' lang='lat' dir='ltr'>Jam</span> <span class='ocrx_word' id='word_1_48' title='bbox 151 721 294 776; x_wconf 79' lang='lat' dir='ltr'>pedes,</span> <span class='ocrx_word' id='word_1_49' title='bbox 313 727 355 761; x_wconf 79' lang='lat' dir='ltr'>et</span> <span class='ocrx_word' id='word_1_50' title='bbox 376 734 545 768; x_wconf 89' lang='lat' dir='ltr'>manus,</span> <span class='ocrx_word' id='word_1_51' title='bbox 565 719 751 767; x_wconf 83' lang='lat' dir='ltr'>brachia,</span> <span class='ocrx_word' id='word_1_52' title='bbox 771 718 929 760; x_wconf 85' lang='lat' dir='ltr'>femora</span> <span class='ocrx_word' id='word_1_53' title='bbox 946 725 987 760; x_wconf 87' lang='lat' dir='ltr'>et</span> <span class='ocrx_word' id='word_1_54' title='bbox 1005 722 1127 760; x_wconf 86' lang='lat' dir='ltr'>crura</span> <span class='ocrx_word' id='word_1_55' title='bbox 1144 714 1387 773; x_wconf 85' lang='lat' dir='ltr'>quadripar-</span> 
     </span>
     <span class='ocr_line' id='line_1_8' title="bbox 38 788 1388 846; baseline -0.003 -16"><span class='ocrx_word' id='word_1_56' title='bbox 38 790 110 831; x_wconf 88' lang='lat' dir='ltr'>tita</span> <span class='ocrx_word' id='word_1_57' title='bbox 119 789 210 845; x_wconf 86' lang='lat' dir='ltr'>quis</span> <span class='ocrx_word' id='word_1_58' title='bbox 223 805 305 831; x_wconf 88' lang='lat' dir='ltr'>nou</span> <span class='ocrx_word' id='word_1_59' title='bbox 317 789 405 846; x_wconf 88' lang='lat' dir='ltr'>ipso</span> <span class='ocrx_word' id='word_1_60' title='bbox 416 789 504 830; x_wconf 76' lang='lat' dir='ltr'>visu</span> <span class='ocrx_word' id='word_1_61' title='bbox 517 790 702 831; x_wconf 88' lang='lat' dir='ltr'>advertat</span> <span class='ocrx_word' id='word_1_62' title='bbox 713 789 731 830; x_wconf 77' lang='grc' dir='ltr'>Ξ)</span> <span class='ocrx_word' id='word_1_63' title='bbox 741 788 848 830; x_wconf 85' lang='lat' dir='ltr'>Sunt</span> <span class='ocrx_word' id='word_1_64' title='bbox 860 796 999 830; x_wconf 87' lang='lat' dir='ltr'>autem</span> <span class='ocrx_word' id='word_1_65' title='bbox 1010 789 1208 845; x_wconf 84' lang='lat' dir='ltr'>pleraque</span> <span class='ocrx_word' id='word_1_66' title='bbox 1221 798 1368 828; x_wconf 87' lang='lat' dir='ltr'>eorum</span> <span class='ocrx_word' id='word_1_67' title='bbox 1378 818 1388 834; x_wconf 93' lang='lat'>,</span> 
     </span>
     <span class='ocr_line' id='line_1_9' title="bbox 37 858 1385 918; baseline -0.004 -16"><span class='ocrx_word' id='word_1_68' title='bbox 37 860 113 902; x_wconf 82' lang='lat' dir='ltr'>etsi</span> <span class='ocrx_word' id='word_1_69' title='bbox 135 875 218 901; x_wconf 90' lang='lat' dir='ltr'>non</span> <span class='ocrx_word' id='word_1_70' title='bbox 241 860 430 916; x_wconf 85' lang='lat' dir='ltr'>ejusdem</span> <span class='ocrx_word' id='word_1_71' title='bbox 453 860 746 918; x_wconf 82' lang='lat' dir='ltr'>longitudinis,</span> <span class='ocrx_word' id='word_1_72' title='bbox 769 868 839 901; x_wconf 89' lang='lat' dir='ltr'>aut</span> <span class='ocrx_word' id='word_1_73' title='bbox 860 858 1090 901; x_wconf 87' lang='lat' dir='ltr'>latitudinis</span> <span class='ocrx_word' id='word_1_74' title='bbox 1099 874 1110 906; x_wconf 86' lang='lat'><em>3</em></span> <span class='ocrx_word' id='word_1_75' title='bbox 1130 864 1271 900; x_wconf 86' lang='lat' dir='ltr'>tamen</span> <span class='ocrx_word' id='word_1_76' title='bbox 1293 871 1385 913; x_wconf 85' lang='lat' dir='ltr'>quae</span> 
     </span>
     <span class='ocr_line' id='line_1_10' title="bbox 38 929 1397 986; baseline -0.004 -14"><span class='ocrx_word' id='word_1_77' title='bbox 38 930 267 986; x_wconf 81' lang='lat' dir='ltr'>analogiam</span> <span class='ocrx_word' id='word_1_78' title='bbox 283 930 338 972; x_wconf 90' lang='lat' dir='ltr'>ita</span> <span class='ocrx_word' id='word_1_79' title='bbox 353 939 537 979; x_wconf 83' lang='lat' dir='ltr'>servent,</span> <span class='ocrx_word' id='word_1_80' title='bbox 551 939 597 972; x_wconf 90' lang='lat' dir='ltr'>ut</span> <span class='ocrx_word' id='word_1_81' title='bbox 611 929 652 971; x_wconf 87' lang='lat' dir='ltr'>in</span> <span class='ocrx_word' id='word_1_82' title='bbox 664 929 711 971; x_wconf 92' lang='lat' dir='ltr'>iis</span> <span class='ocrx_word' id='word_1_83' title='bbox 729 944 895 986; x_wconf 87' lang='lat' dir='ltr'>quoque</span> <span class='ocrx_word' id='word_1_84' title='bbox 915 942 1099 985; x_wconf 86' lang='lat' dir='ltr'>congrua</span> <span class='ocrx_word' id='word_1_85' title='bbox 1117 941 1312 968; x_wconf 84' lang='lat' dir='ltr'>mensura</span> <span class='ocrx_word' id='word_1_86' title='bbox 1330 941 1397 967; x_wconf 87' lang='lat' dir='ltr'>ra-</span> 
     </span>
     <span class='ocr_line' id='line_1_11' title="bbox 37 996 1399 1056; baseline -0.002 -16"><span class='ocrx_word' id='word_1_87' title='bbox 37 999 177 1055; x_wconf 86' lang='lat' dir='ltr'>tioque</span> <span class='ocrx_word' id='word_1_88' title='bbox 187 1008 413 1041; x_wconf 86' lang='lat' dir='ltr'>concurrat</span> <span class='ocrx_word' id='word_1_89' title='bbox 424 1017 433 1047; x_wconf 84' lang='lat'><em>3</em></span> <span class='ocrx_word' id='word_1_90' title='bbox 448 999 664 1056; x_wconf 83' lang='lat' dir='ltr'>longitudo</span> <span class='ocrx_word' id='word_1_91' title='bbox 678 998 875 1055; x_wconf 77' lang='lat' dir='ltr'>prolixior</span> <span class='ocrx_word' id='word_1_92' title='bbox 887 1012 1013 1054; x_wconf 87' lang='lat' dir='ltr'>quam</span> <span class='ocrx_word' id='word_1_93' title='bbox 1024 997 1200 1039; x_wconf 89' lang='lat' dir='ltr'>latitudo</span> <span class='ocrx_word' id='word_1_94' title='bbox 1214 996 1282 1044; x_wconf 85' lang='lat' dir='ltr'>sit,</span> <span class='ocrx_word' id='word_1_95' title='bbox 1298 996 1370 1038; x_wconf 88' lang='lat' dir='ltr'>lati</span> <span class='ocrx_word' id='word_1_96' title='bbox 1382 1014 1399 1023; x_wconf 86' lang='lat'><strong>·</strong></span> 
     </span>
     <span class='ocr_line' id='line_1_12' title="bbox 37 1065 1384 1125; baseline -0.003 -15"><span class='ocrx_word' id='word_1_97' title='bbox 37 1070 138 1111; x_wconf 83' lang='lat' dir='ltr'>tudo</span> <span class='ocrx_word' id='word_1_98' title='bbox 158 1084 284 1125; x_wconf 85' lang='lat' dir='ltr'>quam</span> <span class='ocrx_word' id='word_1_99' title='bbox 302 1070 489 1111; x_wconf 78' lang='lat' dir='ltr'>altitudo.</span> <span class='ocrx_word' id='word_1_100' title='bbox 512 1070 564 1110; x_wconf 89' lang='lat' dir='ltr'>Et</span> <span class='ocrx_word' id='word_1_101' title='bbox 582 1069 689 1110; x_wconf 91' lang='lat' dir='ltr'>sicut</span> <span class='ocrx_word' id='word_1_102' title='bbox 709 1068 810 1125; x_wconf 87' lang='lat' dir='ltr'>ligni</span> <span class='ocrx_word' id='word_1_103' title='bbox 832 1082 938 1109; x_wconf 87' lang='lat' dir='ltr'>arcae</span> <span class='ocrx_word' id='word_1_104' title='bbox 960 1067 1067 1108; x_wconf 92' lang='lat' dir='ltr'>trina</span> <span class='ocrx_word' id='word_1_105' title='bbox 1086 1065 1279 1108; x_wconf 79' lang='lat' dir='ltr'>distantia</span> <span class='ocrx_word' id='word_1_106' title='bbox 1298 1072 1361 1107; x_wconf 83' lang='lat' dir='ltr'>est</span> <span class='ocrx_word' id='word_1_107' title='bbox 1373 1081 1384 1112; x_wconf 93' lang='lat'>;</span> 
     </span>
     <span class='ocr_line' id='line_1_13' title="bbox 38 1135 1392 1195; baseline -0.002 -15"><span class='ocrx_word' id='word_1_108' title='bbox 38 1139 242 1195; x_wconf 89' lang='lat' dir='ltr'>siquidem</span> <span class='ocrx_word' id='word_1_109' title='bbox 253 1147 539 1181; x_wconf 88' lang='lat' dir='ltr'>trecentorum</span> <span class='ocrx_word' id='word_1_110' title='bbox 554 1139 794 1180; x_wconf 89' lang='lat' dir='ltr'>cubitorum</span> <span class='ocrx_word' id='word_1_111' title='bbox 805 1137 1127 1195; x_wconf 84' lang='lat' dir='ltr'>longitudinem,</span> <span class='ocrx_word' id='word_1_112' title='bbox 1138 1144 1179 1178; x_wconf 90' lang='lat' dir='ltr'>et</span> <span class='ocrx_word' id='word_1_113' title='bbox 1189 1135 1392 1192; x_wconf 84' lang='lat' dir='ltr'>quinqua-</span> 
     </span>
     <span class='ocr_line' id='line_1_14' title="bbox 37 1205 1392 1266; baseline -0.002 -16"><span class='ocrx_word' id='word_1_114' title='bbox 37 1209 150 1266; x_wconf 85' lang='lat' dir='ltr'>ginta</span> <span class='ocrx_word' id='word_1_115' title='bbox 168 1209 406 1250; x_wconf 82' lang='lat' dir='ltr'>cubitorum</span> <span class='ocrx_word' id='word_1_116' title='bbox 426 1209 690 1251; x_wconf 83' lang='lat' dir='ltr'>latitudinem</span> <span class='ocrx_word' id='word_1_117' title='bbox 712 1217 753 1250; x_wconf 92' lang='lat' dir='ltr'>et</span> <span class='ocrx_word' id='word_1_118' title='bbox 770 1207 938 1265; x_wconf 87' lang='lat' dir='ltr'>triginta</span> <span class='ocrx_word' id='word_1_119' title='bbox 951 1207 1192 1250; x_wconf 83' lang='lat' dir='ltr'>cubitorum·</span> <span class='ocrx_word' id='word_1_120' title='bbox 1210 1205 1392 1248; x_wconf 86' lang='lat' dir='ltr'>altitudi-</span> 
     </span>
     <span class='ocr_line' id='line_1_15' title="bbox 37 1278 1392 1336; baseline -0.003 -16"><span class='ocrx_word' id='word_1_121' title='bbox 37 1294 133 1320; x_wconf 87' lang='lat' dir='ltr'>nem</span> <span class='ocrx_word' id='word_1_122' title='bbox 142 1281 386 1321; x_wconf 84' lang='lat' dir='ltr'>servandam</span> <span class='ocrx_word' id='word_1_123' title='bbox 396 1293 483 1320; x_wconf 87' lang='lat' dir='ltr'>esse</span> <span class='ocrx_word' id='word_1_124' title='bbox 494 1279 762 1336; x_wconf 79' lang='lat' dir='ltr'>praescripsit:</span> <span class='ocrx_word' id='word_1_125' title='bbox 777 1278 831 1320; x_wconf 70' lang='lat' dir='ltr'>ita</span> <span class='ocrx_word' id='word_1_126' title='bbox 843 1285 885 1319; x_wconf 92' lang='lat' dir='ltr'>et</span> <span class='ocrx_word' id='word_1_127' title='bbox 893 1278 935 1319; x_wconf 92' lang='lat' dir='ltr'>in</span> <span class='ocrx_word' id='word_1_128' title='bbox 943 1285 1085 1319; x_wconf 87' lang='lat' dir='ltr'>nostro</span> <span class='ocrx_word' id='word_1_129' title='bbox 1095 1290 1272 1334; x_wconf 87' lang='lat' dir='ltr'>corpore</span> <span class='ocrx_word' id='word_1_130' title='bbox 1282 1289 1392 1317; x_wconf 91' lang='lat' dir='ltr'>sum-</span> 
     </span>
     <span class='ocr_line' id='line_1_16' title="bbox 36 1346 1394 1396; baseline -0.003 -7"><span class='ocrx_word' id='word_1_131' title='bbox 36 1363 103 1389; x_wconf 84' lang='lat' dir='ltr'>ma</span> <span class='ocrx_word' id='word_1_132' title='bbox 128 1356 215 1396; x_wconf 87' lang='lat' dir='ltr'>est,</span> <span class='ocrx_word' id='word_1_133' title='bbox 239 1357 282 1390; x_wconf 89' lang='lat' dir='ltr'>et</span> <span class='ocrx_word' id='word_1_134' title='bbox 301 1349 459 1396; x_wconf 76' lang='lat' dir='ltr'>media,</span> <span class='ocrx_word' id='word_1_135' title='bbox 483 1357 525 1390; x_wconf 90' lang='lat' dir='ltr'>et</span> <span class='ocrx_word' id='word_1_136' title='bbox 540 1348 712 1390; x_wconf 80' lang='lat' dir='ltr'>minima</span> <span class='ocrx_word' id='word_1_137' title='bbox 737 1348 941 1390; x_wconf 75' lang='lat' dir='ltr'>distantia.</span> <span class='ocrx_word' id='word_1_138' title='bbox 969 1347 1141 1389; x_wconf 82' lang='lat' dir='ltr'>Summa</span> <span class='ocrx_word' id='word_1_139' title='bbox 1160 1346 1394 1387; x_wconf 81' lang='lat' dir='ltr'>seeundum</span> 
     </span>
     <span class='ocr_line' id='line_1_17' title="bbox 0 1407 1393 1476; baseline -0.003 -15"><span class='ocrx_word' id='word_1_140' title='bbox 0 1407 1 1461; x_wconf 38' lang='lat' dir='ltr'>J</span> <span class='ocrx_word' id='word_1_141' title='bbox 36 1418 358 1476; x_wconf 87' lang='lat' dir='ltr'>longitudinem,</span> <span class='ocrx_word' id='word_1_142' title='bbox 370 1419 505 1460; x_wconf 48' lang='lat' dir='ltr'>medi-J</span> <span class='ocrx_word' id='word_1_143' title='bbox 522 1420 754 1460; x_wconf 86' lang='lat' dir='ltr'>secundum</span> <span class='ocrx_word' id='word_1_144' title='bbox 765 1418 1028 1460; x_wconf 84' lang='lat' dir='ltr'>latitudinem</span> <span class='ocrx_word' id='word_1_145' title='bbox 1038 1449 1050 1466; x_wconf 92' lang='lat'>,</span> <span class='ocrx_word' id='word_1_146' title='bbox 1064 1416 1236 1458; x_wconf 86' lang='lat' dir='ltr'>minima</span> <span class='ocrx_word' id='word_1_147' title='bbox 1249 1430 1393 1458; x_wconf 84' lang='lat' dir='ltr'>secun·</span> 
     </span>
     <span class='ocr_line' id='line_1_18' title="bbox 0 1482 1392 1545; baseline -0.001 -17"><span class='ocrx_word' id='word_1_148' title='bbox 0 1482 1 1494; x_wconf 54' lang='lat'>¹</span> <span class='ocrx_word' id='word_1_149' title='bbox 40 1489 140 1529; x_wconf 87' lang='lat' dir='ltr'>dum</span> <span class='ocrx_word' id='word_1_150' title='bbox 168 1488 460 1537; x_wconf 81' lang='lat' dir='ltr'>altitudinem3</span> <span class='ocrx_word' id='word_1_151' title='bbox 495 1497 631 1531; x_wconf 84' lang='lat' dir='ltr'>totum</span> <span class='ocrx_word' id='word_1_152' title='bbox 653 1497 793 1530; x_wconf 87' lang='lat' dir='ltr'>tamen</span> <span class='ocrx_word' id='word_1_153' title='bbox 822 1503 974 1545; x_wconf 88' lang='lat' dir='ltr'>corpus</span> <span class='ocrx_word' id='word_1_154' title='bbox 1002 1494 1205 1529; x_wconf 77' lang='lat' dir='ltr'>attextum</span> <span class='ocrx_word' id='word_1_155' title='bbox 1226 1501 1277 1527; x_wconf 83' lang='lat' dir='ltr'>ex</span> <span class='ocrx_word' id='word_1_156' title='bbox 1305 1484 1392 1526; x_wconf 91' lang='lat' dir='ltr'>sin-</span> 
     </span>
     <span class='ocr_line' id='line_1_19' title="bbox 0 1554 1386 1614; baseline -0.001 -16"><span class='ocrx_word' id='word_1_157' title='bbox 0 1576 1 1579; x_wconf 45' lang='lat'><em>*</em></span> <span class='ocrx_word' id='word_1_158' title='bbox 20 1557 144 1614; x_wconf 68' lang='lat' dir='ltr'>›·.-gulis</span> <span class='ocrx_word' id='word_1_159' title='bbox 169 1558 368 1599; x_wconf 86' lang='lat' dir='ltr'>membris</span> <span class='ocrx_word' id='word_1_160' title='bbox 392 1560 642 1614; x_wconf 86' lang='lat' dir='ltr'>quadratum</span> <span class='ocrx_word' id='word_1_161' title='bbox 664 1558 841 1600; x_wconf 84' lang='lat' dir='ltr'>videtur.</span> <span class='ocrx_word' id='word_1_162' title='bbox 871 1554 976 1601; x_wconf 85' lang='lat' dir='ltr'>Nam</span> <span class='ocrx_word' id='word_1_163' title='bbox 996 1564 1037 1598; x_wconf 85' lang='lat' dir='ltr'>et</span> <span class='ocrx_word' id='word_1_164' title='bbox 1059 1557 1100 1598; x_wconf 92' lang='lat' dir='ltr'>in</span> <span class='ocrx_word' id='word_1_165' title='bbox 1129 1569 1207 1598; x_wconf 88' lang='lat' dir='ltr'>usu</span> <span class='ocrx_word' id='word_1_166' title='bbox 1229 1555 1285 1597; x_wconf 80' lang='lat' dir='ltr'>ita</span> <span class='ocrx_word' id='word_1_167' title='bbox 1305 1562 1386 1603; x_wconf 79' lang='lat' dir='ltr'>est,</span> 
     </span>
     <span class='ocr_line' id='line_1_20' title="bbox 39 1625 1386 1684; baseline -0.001 -16"><span class='ocrx_word' id='word_1_168' title='bbox 39 1635 86 1668; x_wconf 89' lang='lat' dir='ltr'>ut</span> <span class='ocrx_word' id='word_1_169' title='bbox 103 1642 173 1668; x_wconf 85' lang='lat' dir='ltr'>eos</span> <span class='ocrx_word' id='word_1_170' title='bbox 190 1629 413 1683; x_wconf 85' lang='lat' dir='ltr'>quadratos</span> <span class='ocrx_word' id='word_1_171' title='bbox 435 1628 621 1669; x_wconf 83' lang='lat' dir='ltr'>dicamus</span> <span class='ocrx_word' id='word_1_172' title='bbox 637 1660 647 1676; x_wconf 92' lang='lat'>,</span> <span class='ocrx_word' id='word_1_173' title='bbox 672 1642 776 1684; x_wconf 87' lang='lat' dir='ltr'>quos</span> <span class='ocrx_word' id='word_1_174' title='bbox 797 1642 876 1670; x_wconf 88' lang='lat' dir='ltr'>nec</span> <span class='ocrx_word' id='word_1_175' title='bbox 897 1641 1090 1670; x_wconf 87' lang='lat' dir='ltr'>enormes</span> <span class='ocrx_word' id='word_1_176' title='bbox 1108 1625 1360 1683; x_wconf 87' lang='lat' dir='ltr'>proceritate</span> <span class='ocrx_word' id='word_1_177' title='bbox 1376 1657 1386 1672; x_wconf 93' lang='lat'><em>‚</em></span> 
     </span>
     <span class='ocr_line' id='line_1_21' title="bbox 41 1696 1146 1755; baseline 0.001 -18"><span class='ocrx_word' id='word_1_178' title='bbox 41 1703 82 1738; x_wconf 91' lang='lat' dir='ltr'>et</span> <span class='ocrx_word' id='word_1_179' title='bbox 102 1696 257 1738; x_wconf 89' lang='lat' dir='ltr'>validos</span> <span class='ocrx_word' id='word_1_180' title='bbox 279 1698 438 1739; x_wconf 88' lang='lat' dir='ltr'>robusti</span> <span class='ocrx_word' id='word_1_181' title='bbox 455 1698 654 1754; x_wconf 83' lang='lat' dir='ltr'>qualitate</span> <span class='ocrx_word' id='word_1_182' title='bbox 671 1698 857 1755; x_wconf 84' lang='lat' dir='ltr'>corporis</span> <span class='ocrx_word' id='word_1_183' title='bbox 879 1698 1146 1739; x_wconf 80' lang='lat' dir='ltr'>aestimamus.</span> 
     </span>
    </p>

    <p class='ocr_par' dir='ltr' id='par_1_3' title="bbox 42 1766 1398 2599">
     <span class='ocr_line' id='line_1_22' title="bbox 99 1766 1391 1824; baseline -0.002 -15"><span class='ocrx_word' id='word_1_184' title='bbox 99 1767 210 1810; x_wconf 77' lang='lat' dir='ltr'><strong>XIV.</strong></span> <span class='ocrx_word' id='word_1_185' title='bbox 247 1768 361 1819; x_wconf 87' lang='lat' dir='ltr'>Quid</span> <span class='ocrx_word' id='word_1_186' title='bbox 390 1769 515 1810; x_wconf 86' lang='lat' dir='ltr'>etiam</span> <span class='ocrx_word' id='word_1_187' title='bbox 547 1768 623 1810; x_wconf 89' lang='lat' dir='ltr'>sibi</span> <span class='ocrx_word' id='word_1_188' title='bbox 654 1770 742 1809; x_wconf 90' lang='lat' dir='ltr'>vult</span> <span class='ocrx_word' id='word_1_189' title='bbox 773 1769 888 1824; x_wconf 88' lang='lat' dir='ltr'>quod</span> <span class='ocrx_word' id='word_1_190' title='bbox 909 1768 964 1810; x_wconf 88' lang='lat' dir='ltr'>ait</span> <span class='ocrx_word' id='word_1_191' title='bbox 984 1782 993 1809; x_wconf 81' lang='lat' dir='ltr'><strong><em>z</em></strong></span> <span class='ocrx_word' id='word_1_192' title='bbox 1012 1767 1164 1810; x_wconf 86' lang='lat' dir='ltr'>«Nidos</span> <span class='ocrx_word' id='word_1_193' title='bbox 1195 1766 1322 1808; x_wconf 85' lang='lat' dir='ltr'>facies</span> <span class='ocrx_word' id='word_1_194' title='bbox 1349 1766 1391 1807; x_wconf 90' lang='lat' dir='ltr'>in</span> 
     </span>
     <span class='ocr_line' id='line_1_23' title="bbox 42 1836 1391 1895; baseline -0.001 -17"><span class='ocrx_word' id='word_1_195' title='bbox 42 1837 238 1886; x_wconf 80' lang='lat' dir='ltr'>&gt;›arca²,»</span> <span class='ocrx_word' id='word_1_196' title='bbox 260 1853 523 1895; x_wconf 81' lang='lat' dir='ltr'>nequaquam</span> <span class='ocrx_word' id='word_1_197' title='bbox 554 1839 760 1880; x_wconf 85' lang='lat' dir='ltr'>silendum</span> <span class='ocrx_word' id='word_1_198' title='bbox 792 1839 966 1880; x_wconf 85' lang='lat' dir='ltr'>videtur.</span> <span class='ocrx_word' id='word_1_199' title='bbox 1003 1837 1256 1880; x_wconf 78' lang='lat' dir='ltr'>Naturaliter</span> <span class='ocrx_word' id='word_1_200' title='bbox 1279 1836 1391 1877; x_wconf 86' lang='lat' dir='ltr'>enim</span> 
     </span>
     <span class='ocr_line' id='line_1_24' title="bbox 42 1907 1389 1965; baseline -0.002 -16"><span class='ocrx_word' id='word_1_201' title='bbox 42 1907 202 1950; x_wconf 90' lang='lat' dir='ltr'>dictum</span> <span class='ocrx_word' id='word_1_202' title='bbox 226 1909 420 1958; x_wconf 90' lang='lat' dir='ltr'>arbitror,</span> <span class='ocrx_word' id='word_1_203' title='bbox 445 1924 494 1950; x_wconf 87' lang='lat' dir='ltr'>eo</span> <span class='ocrx_word' id='word_1_204' title='bbox 511 1910 623 1965; x_wconf 89' lang='lat' dir='ltr'>quod</span> <span class='ocrx_word' id='word_1_205' title='bbox 644 1919 769 1950; x_wconf 86' lang='lat' dir='ltr'>omne</span> <span class='ocrx_word' id='word_1_206' title='bbox 791 1922 942 1965; x_wconf 88' lang='lat' dir='ltr'>corpus</span> <span class='ocrx_word' id='word_1_207' title='bbox 965 1915 1158 1949; x_wconf 90' lang='lat' dir='ltr'>nostrum</span> <span class='ocrx_word' id='word_1_208' title='bbox 1187 1913 1389 1948; x_wconf 87' lang='lat' dir='ltr'>attextum</span> 
     </span>
     <span class='ocr_line' id='line_1_25' title="bbox 43 1975 1392 2035; baseline -0.003 -16"><span class='ocrx_word' id='word_1_209' title='bbox 43 1986 104 2019; x_wconf 91' lang='lat' dir='ltr'>est</span> <span class='ocrx_word' id='word_1_210' title='bbox 125 1978 233 2019; x_wconf 87' lang='lat' dir='ltr'>sicut</span> <span class='ocrx_word' id='word_1_211' title='bbox 255 1978 398 2026; x_wconf 88' lang='lat' dir='ltr'>11idus;</span> <span class='ocrx_word' id='word_1_212' title='bbox 432 1986 478 2019; x_wconf 93' lang='lat' dir='ltr'>ut</span> <span class='ocrx_word' id='word_1_213' title='bbox 509 1978 675 2035; x_wconf 87' lang='lat' dir='ltr'>spiritus</span> <span class='ocrx_word' id='word_1_214' title='bbox 695 1977 829 2020; x_wconf 83' lang='lat' dir='ltr'>vitalis</span> <span class='ocrx_word' id='word_1_215' title='bbox 855 1988 1000 2019; x_wconf 83' lang='lat' dir='ltr'>omnes</span> <span class='ocrx_word' id='word_1_216' title='bbox 1023 1985 1161 2034; x_wconf 85' lang='lat' dir='ltr'>partes</span> <span class='ocrx_word' id='word_1_217' title='bbox 1182 1975 1392 2017; x_wconf 87' lang='lat' dir='ltr'>viscerum</span> 
     </span>
     <span class='ocr_line' id='line_1_26' title="bbox 43 2047 1395 2106; baseline -0.003 -17"><span class='ocrx_word' id='word_1_218' title='bbox 43 2056 255 2105; x_wconf 86' lang='lat' dir='ltr'>penetret,</span> <span class='ocrx_word' id='word_1_219' title='bbox 285 2057 410 2105; x_wconf 82' lang='lat' dir='ltr'>atque</span> <span class='ocrx_word' id='word_1_220' title='bbox 441 2050 492 2090; x_wconf 87' lang='lat' dir='ltr'>de</span> <span class='ocrx_word' id='word_1_221' title='bbox 519 2048 738 2106; x_wconf 85' lang='lat' dir='ltr'>principali</span> <span class='ocrx_word' id='word_1_222' title='bbox 768 2056 910 2089; x_wconf 89' lang='lat' dir='ltr'>nostro</span> <span class='ocrx_word' id='word_1_223' title='bbox 933 2047 1080 2088; x_wconf 85' lang='lat' dir='ltr'>fundat</span> <span class='ocrx_word' id='word_1_224' title='bbox 1112 2056 1154 2088; x_wconf 78' lang='lat' dir='ltr'>&#39;se</span> <span class='ocrx_word' id='word_1_225' title='bbox 1183 2060 1259 2103; x_wconf 89' lang='lat' dir='ltr'>per</span> <span class='ocrx_word' id='word_1_226' title='bbox 1281 2053 1395 2086; x_wconf 87' lang='lat' dir='ltr'>artus</span> 
     </span>
     <span class='ocr_line' id='line_1_27' title="bbox 45 2109 1395 2175; baseline -0.003 -16"><span class='ocrx_word' id='word_1_227' title='bbox 45 2119 237 2175; x_wconf 85' lang='lat' dir='ltr'>singulos.</span> <span class='ocrx_word' id='word_1_228' title='bbox 270 2118 364 2161; x_wconf 86' lang='lat' dir='ltr'>Nidi</span> <span class='ocrx_word' id='word_1_229' title='bbox 387 2119 557 2175; x_wconf 84' lang='lat' dir='ltr'>quidam</span> <span class='ocrx_word' id='word_1_230' title='bbox 588 2127 685 2160; x_wconf 88' lang='lat' dir='ltr'>sunt</span> <span class='ocrx_word' id='word_1_231' title='bbox 709 2117 820 2160; x_wconf 83' lang='lat' dir='ltr'>oculi</span> <span class='ocrx_word' id='word_1_232' title='bbox 852 2117 983 2159; x_wconf 87' lang='lat' dir='ltr'>nos-tri</span> <span class='ocrx_word' id='word_1_233' title='bbox 1000 2150 1010 2166; x_wconf 92' lang='lat'>,</span> <span class='ocrx_word' id='word_1_234' title='bbox 1036 2109 1197 2174; x_wconf 84' lang='lat' dir='ltr'>quibus¹</span> <span class='ocrx_word' id='word_1_235' title='bbox 1215 2130 1258 2156; x_wconf 86' lang='lat' dir='ltr'>se</span> <span class='ocrx_word' id='word_1_236' title='bbox 1283 2115 1395 2157; x_wconf 89' lang='lat' dir='ltr'>visus</span> 
     </span>
     <span class='ocr_line' id='line_1_28' title="bbox 45 2184 1397 2244; baseline -0.004 -14"><span class='ocrx_word' id='word_1_237' title='bbox 45 2189 198 2232; x_wconf 90' lang='lat' dir='ltr'>inserit.</span> <span class='ocrx_word' id='word_1_238' title='bbox 228 2189 322 2232; x_wconf 83' lang='lat' dir='ltr'>Nidi</span> <span class='ocrx_word' id='word_1_239' title='bbox 345 2196 442 2231; x_wconf 88' lang='lat' dir='ltr'>sunt</span> <span class='ocrx_word' id='word_1_240' title='bbox 464 2192 701 2230; x_wconf 81' lang='lat' dir='ltr'>nostrarum</span> <span class='ocrx_word' id='word_1_241' title='bbox 724 2189 837 2229; x_wconf 86' lang='lat' dir='ltr'>sinus</span> <span class='ocrx_word' id='word_1_242' title='bbox 856 2187 1019 2228; x_wconf 84' lang='lat' dir='ltr'>aurium</span> <span class='ocrx_word' id='word_1_243' title='bbox 1034 2219 1045 2236; x_wconf 87' lang='lat'>,</span> <span class='ocrx_word' id='word_1_244' title='bbox 1065 2198 1139 2244; x_wconf 84' lang='lat' dir='ltr'>per</span> <span class='ocrx_word' id='word_1_245' title='bbox 1154 2196 1259 2242; x_wconf 81' lang='lat' dir='ltr'>q&#39;uos</span> <span class='ocrx_word' id='word_1_246' title='bbox 1276 2184 1397 2226; x_wconf 86' lang='lat' dir='ltr'>audi-</span> 
     </span>
     <span class='ocr_line' id='line_1_29' title="bbox 45 2255 1398 2312; baseline -0.006 -10"><span class='ocrx_word' id='word_1_247' title='bbox 45 2269 112 2302; x_wconf 86' lang='lat' dir='ltr'>tus</span> <span class='ocrx_word' id='word_1_248' title='bbox 133 2276 176 2302; x_wconf 86' lang='lat' dir='ltr'>se</span> <span class='ocrx_word' id='word_1_249' title='bbox 197 2259 404 2308; x_wconf 76' lang='lat' dir='ltr'>infundit,</span> <span class='ocrx_word' id='word_1_250' title='bbox 427 2267 469 2301; x_wconf 87' lang='lat' dir='ltr'>et</span> <span class='ocrx_word' id='word_1_251' title='bbox 485 2260 598 2300; x_wconf 86' lang='lat' dir='ltr'>velut</span> <span class='ocrx_word' id='word_1_252' title='bbox 619 2259 660 2300; x_wconf 90' lang='lat' dir='ltr'>in</span> <span class='ocrx_word' id='word_1_253' title='bbox 682 2258 844 2300; x_wconf 84' lang='lat' dir='ltr'>foveam</span> <span class='ocrx_word' id='word_1_254' title='bbox 864 2260 989 2299; x_wconf 86' lang='lat' dir='ltr'>altam</span> <span class='ocrx_word' id='word_1_255' title='bbox 1010 2256 1164 2312; x_wconf 80' lang='lat' dir='ltr'>dejicit.</span> <span class='ocrx_word' id='word_1_256' title='bbox 1188 2255 1318 2297; x_wconf 84' lang='lat' dir='ltr'>Nidus</span> <span class='ocrx_word' id='word_1_257' title='bbox 1335 2261 1398 2295; x_wconf 86' lang='lat' dir='ltr'>est</span> 
     </span>
     <span class='ocr_line' id='line_1_30' title="bbox 47 2327 1396 2386; baseline -0.005 -15"><span class='ocrx_word' id='word_1_258' title='bbox 47 2330 210 2372; x_wconf 89' lang='lat' dir='ltr'>narium</span> <span class='ocrx_word' id='word_1_259' title='bbox 225 2360 241 2379; x_wconf 62' lang='lat'><em>5</em></span> <span class='ocrx_word' id='word_1_260' title='bbox 261 2330 332 2386; x_wconf 86' lang='lat' dir='ltr'>qni</span> <span class='ocrx_word' id='word_1_261' title='bbox 350 2331 402 2371; x_wconf 87' lang='lat' dir='ltr'>ad</span> <span class='ocrx_word' id='word_1_262' title='bbox 416 2344 460 2371; x_wconf 89' lang='lat' dir='ltr'>se</span> <span class='ocrx_word' id='word_1_263' title='bbox 476 2330 648 2371; x_wconf 86' lang='lat' dir='ltr'>odorem</span> <span class='ocrx_word' id='word_1_264' title='bbox 669 2328 850 2371; x_wconf 85' lang='lat' dir='ltr'>attrahit.</span> <span class='ocrx_word' id='word_1_265' title='bbox 880 2327 1008 2370; x_wconf 81' lang='lat' dir='ltr'>&#39;Nidus</span> <span class='ocrx_word' id='word_1_266' title='bbox 1026 2334 1087 2368; x_wconf 87' lang='lat' dir='ltr'>est</span> <span class='ocrx_word' id='word_1_267' title='bbox 1110 2332 1282 2382; x_wconf 81' lang='lat' dir='ltr'>quartus</span> <span class='ocrx_word' id='word_1_268' title='bbox 1303 2337 1396 2364; x_wconf 88' lang='lat' dir='ltr'>ma-</span> 
     </span>
     <span class='ocr_line' id='line_1_31' title="bbox 47 2395 1398 2458; baseline -0.007 -15"><span class='ocrx_word' id='word_1_269' title='bbox 47 2401 112 2458; x_wconf 74' lang='lat' dir='ltr'>jor</span> <span class='ocrx_word' id='word_1_270' title='bbox 133 2401 292 2443; x_wconf 80' lang='lat' dir='ltr'>caeteris</span> <span class='ocrx_word' id='word_1_271' title='bbox 319 2400 457 2442; x_wconf 84' lang='lat' dir='ltr'>hiatus</span> <span class='ocrx_word' id='word_1_272' title='bbox 480 2399 561 2441; x_wconf 82' lang='lat' dir='ltr'>oris</span> <span class='ocrx_word' id='word_1_273' title='bbox 576 2433 587 2449; x_wconf 95' lang='lat'>,</span> <span class='ocrx_word' id='word_1_274' title='bbox 610 2399 651 2441; x_wconf 91' lang='lat' dir='ltr'>in</span> <span class='ocrx_word' id='word_1_275' title='bbox 679 2413 765 2450; x_wconf 69' lang='grc' dir='ltr'>(μισ</span> <span class='ocrx_word' id='word_1_276' title='bbox 794 2398 993 2445; x_wconf 85' lang='lat' dir='ltr'>nutritur,</span> <span class='ocrx_word' id='word_1_277' title='bbox 1027 2398 1162 2438; x_wconf 84' lang='lat' dir='ltr'>donec</span> <span class='ocrx_word' id='word_1_278' title='bbox 1187 2395 1398 2436; x_wconf 83' lang='lat' dir='ltr'>adolescat</span> 
     </span>
     <span class='ocr_line' id='line_1_32' title="bbox 48 2460 1397 2529; baseline -0.007 -16"><span class='ocrx_word' id='word_1_279' title='bbox 48 2484 192 2529; x_wconf 57' lang='lat' dir='ltr'>sapon</span> <span class='ocrx_word' id='word_1_280' title='bbox 212 2479 254 2512; x_wconf 84' lang='lat' dir='ltr'>et</span> <span class='ocrx_word' id='word_1_281' title='bbox 277 2472 390 2512; x_wconf 87' lang='lat' dir='ltr'>unde</span> <span class='ocrx_word' id='word_1_282' title='bbox 408 2485 489 2512; x_wconf 87' lang='lat' dir='ltr'>vox</span> <span class='ocrx_word' id='word_1_283' title='bbox 512 2472 660 2512; x_wconf 78' lang='lat' dir='ltr'>evolat.</span> <span class='ocrx_word' id='word_1_284' title='bbox 694 2460 848 2526; x_wconf 11' lang='lat' dir='ltr'>Inique</span> <span class='ocrx_word' id='word_1_285' title='bbox 868 2470 970 2510; x_wconf 77' lang='lat' dir='ltr'>latet</span> <span class='ocrx_word' id='word_1_286' title='bbox 993 2466 1134 2524; x_wconf 81' lang='lat' dir='ltr'>lingua</span> <span class='ocrx_word' id='word_1_287' title='bbox 1166 2474 1258 2521; x_wconf 71' lang='lat' dir='ltr'>quaev</span> <span class='ocrx_word' id='word_1_288' title='bbox 1282 2464 1397 2505; x_wconf 80' lang='lat' dir='ltr'>velut</span> 
     </span>
     <span class='ocr_line' id='line_1_33' title="bbox 49 2536 1397 2599; baseline -0.008 -15"><span class='ocrx_word' id='word_1_289' title='bbox 49 2557 251 2599; x_wconf 88' lang='lat' dir='ltr'>organum</span> <span class='ocrx_word' id='word_1_290' title='bbox 266 2541 378 2583; x_wconf 85' lang='lat' dir='ltr'>vocis</span> <span class='ocrx_word' id='word_1_291' title='bbox 403 2556 525 2584; x_wconf 87' lang='lat' dir='ltr'>sonos</span> <span class='ocrx_word' id='word_1_292' title='bbox 547 2540 638 2597; x_wconf 87' lang='lat' dir='ltr'>ejus</span> <span class='ocrx_word' id='word_1_293' title='bbox 670 2538 818 2582; x_wconf 85' lang='lat' dir='ltr'>artifici</span> <span class='ocrx_word' id='word_1_294' title='bbox 841 2538 1042 2581; x_wconf 86' lang='lat' dir='ltr'>suavitate</span> <span class='ocrx_word' id='word_1_295' title='bbox 1065 2536 1328 2581; x_wconf 57' lang='lat' dir='ltr'>modulatum</span> <span class='ocrx_word' id='word_1_296' title='bbox 1355 2540 1397 2574; x_wconf 88' lang='lat' dir='ltr'>et</span> 
     </span>
    </p>
   </div>
   <div class='ocr_carea' id='block_1_3' title="bbox 97 2634 339 2673">
    <p class='ocr_par' dir='ltr' id='par_1_4' title="bbox 97 2634 339 2673">
     <span class='ocr_line' id='line_1_34' title="bbox 97 2634 339 2673; baseline -0.021 -5"><span class='ocrx_word' id='word_1_297' title='bbox 97 2646 105 2661; x_wconf 89' lang='lat'><em>¹</em></span> <span class='ocrx_word' id='word_1_298' title='bbox 125 2638 206 2668; x_wconf 88' lang='lat' dir='ltr'>Gen.</span> <span class='ocrx_word' id='word_1_299' title='bbox 225 2646 268 2673; x_wconf 81' lang='lat' dir='ltr'>vi,</span> <span class='ocrx_word' id='word_1_300' title='bbox 291 2634 339 2670; x_wconf 62' lang='lat'>14.</span> 
     </span>
    </p>
   </div>
   <div class='ocr_carea' id='block_1_4' title="bbox 7 2678 12 2839">
    <p class='ocr_par' dir='ltr' id='par_1_5' title="bbox 7 2678 12 2839">
     <span class='ocr_line' id='line_1_35' title="bbox 7 2678 12 2769; baseline 0 0"><span class='ocrx_word' id='word_1_301' title='bbox 7 2678 12 2769; x_wconf 66' lang='lat' dir='ltr'>i</span> 
     </span>
     <span class='ocr_line' id='line_1_36' title="bbox 9 2778 11 2839; baseline 0 0"><span class='ocrx_word' id='word_1_302' title='bbox 9 2778 11 2839; x_wconf 70' lang='grc' dir='ltr'>ε</span> 
     </span>
    </p>
   </div>
   <div class='ocr_carea' id='block_1_5' title="bbox 0 1913 19 3233">
    <p class='ocr_par' dir='ltr' id='par_1_6' title="bbox 0 1913 19 3233">
     <span class='ocr_line' id='line_1_37' title="bbox 0 1913 19 3233; baseline 0 0"><span class='ocrx_word' id='word_1_303' title='bbox 0 1913 19 3233; x_wconf 95' lang='lat' dir='ltr'> </span> 
     </span>
    </p>
   </div>
  </div>
 </body>
</html>
