1742 3233
316 268 401 309 630
820 284 1152 312 ANNOTAUONES.

313 357 543 400 admodum
577 358 737 400 Pharao
776 359 936 408 Saram,
975 374 1100 415 quam
1132 359 1174 400 in
1201 358 1400 416 palatium
1435 360 1659 402 abductam

311 443 486 471 uxorem
523 429 676 470 ducere
718 430 962 486 cogitabat,
998 438 1221 487 postquam
1261 429 1529 486 conjugatam
1572 445 1661 471 esse

313 498 533 555 cognovit,
564 497 803 539 Abrahamo
831 499 1034 549 restituit,
1059 499 1112 540 ita
1138 498 1352 555 loquitur:
1379 500 1478 541 Etsi
1499 508 1663 540 natura

310 570 427 626 feras
443 583 495 608 ao
521 567 733 627 barbarus
754 578 901 611 tamen
920 568 1199 625 significat...
1219 578 1257 609 ot
1273 569 1484 610 adulterii
1501 569 1667 609 crimen

313 636 400 680 sibi
424 652 508 679 osso
539 638 794 680 cavendam.
827 639 917 691 Qui
942 639 1178 696 praetmzdit
1208 639 1533 696 ignorantiam,
1565 653 1667 680 oon-

314 708 494 750 demnat
524 709 928 765 intemperantiam.
963 708 1050 751 Neo
1082 709 1251 750 mirum
1279 710 1318 750 si
1352 708 1566 751 barbarus
1590 709 1668 765 jas

311 780 436 821 novit
465 788 712 820 natarae...‚
748 777 822 819 Ita
856 782 1004 834 major
1038 778 1107 819 loce
1137 788 1330 831 natarae,
1364 793 1496 834 qaam
1526 778 1670 837 legum

311 847 584 907 prcesoriptio
611 859 685 889 est.
712 848 855 905 Neque
889 864 987 889 vero
1015 850 1248 905 putandum
1278 857 1340 890 est
1370 849 1459 890 haec
1492 848 1543 890 de
1585 849 1671 889 solo

316 918 521 960 adulterio
543 933 627 975 quo
646 934 752 960 uxor
769 919 899 959 aliena
920 918 1121 975 polluitur
1145 933 1234 960 esse
1256 919 1538 975 intelligenda.
1567 917 1672 960 Nam

312 996 593 1046 praeterquam
622 990 735 1045 quod
765 989 971 1046 generalia
1006 989 1132 1030 verba
1173 998 1294 1038 sunt,
1329 990 1591 1047 proindeque
1623 989 1675 1030 ad

314 1074 442 1102 unam
466 1059 659 1102 adulterii
677 1059 861 1116 speciem
879 1074 964 1102 11011
985 1059 1274 1116 restringenda
1289 1093 1299 1108 ‚
1324 1059 1386 1103 vir
1408 1067 1576 1103 sanctus
1592 1058 1675 1100 11οο

314 1129 405 1188 ipso
436 1130 572 1188 capite
598 1129 745 1171 asserit
778 1130 893 1184 qaod
920 1130 1101 1171 mulieri
1128 1144 1217 1170 non
1249 1129 1365 1182 licet,
1391 1129 1491 1171 viro
1509 1143 1599 1170 non
1623 1128 1678 1170 li.-

319 1215 441 1248 cerm
469 1208 511 1241 et
544 1200 586 1241 in
610 1200 745 1255 eapite
766 1192 942 1256 septimo
976 1200 1031 1242 ait
1056 1216 1064 1242 :
1090 1200 1251 1242 Omnes
1273 1201 1367 1242 viri
1399 1200 1681 1254 mulierisque

323 1269 573 1314 concubitus
611 1270 738 1328 nulla
771 1271 959 1327 legitimi
987 1270 1270 1312 matrimonii
1301 1280 1412 1315 sorte
1447 1269 1681 1315 celebratos

322 1332 479 1381 habore
501 1355 628 1381 suam
652 1339 844 1394 eulpam.
866 1340 1010 1396 Itaque
1034 1339 1260 1381 dicendum
1282 1339 1566 1387 existimamus
1582 1355 1682 1383 eum

322 1409 416 1452 ideo
451 1409 665 1467 scripsisse
696 1410 950 1451 adulterium
978 1418 1073 1451 ante
1098 1411 1224 1451 latam
1247 1410 1399 1466 Moysis
1430 1410 1564 1466 legem
1599 1425 1682 1451 non

321 1481 457 1522 visun]
482 1480 608 1522 fuisse
634 1481 928 1529 interdictum,
958 1489 1005 1522 ut
1032 1479 1285 1537 significaret
1314 1480 1393 1521 illis
1421 1480 1683 1538 temporibus

325 1566 418 1592 eam
442 1551 553 1592 eirea
581 1551 833 1592 adulterium
856 1551 1131 1609 ignorantiam
1156 1551 1361 1598 extitisse,
1382 1566 1472 1607 quae
1497 1550 1573 1592 etsi
1601 1565 1686 1592 11011

325 1621 497 1663 omnino
533 1610 702 1678 culpam
731 1622 919 1669 tolleret,
953 1621 1067 1662 haud
1097 1621 1367 1663 mediocriter
1402 1630 1544 1663 tamen
1572 1621 1685 1663 illam

325 1692 556 1740 minueret,
576 1692 619 1733 id
640 1700 728 1740 est,
756 1691 998 1734 vincibilem
1014 1691 1302 1749 ignorantiam.
1326 1692 1459 1734 Nemo
1476 1692 1590 1734 eni'm
1607 1707 1687 1734 ne-
1741 1687 1742 1693 ¹

327 1763 486 1821 gaverit
507 1762 630 1803 istam
652 1762 694 1803 in
711 1762 807 1819 jure
828 1762 1006 1804 naturali
1027 1778 1148 1819 posse
1170 1762 1370 1811 inveniri,
1395 1770 1436 1803 et
1458 1777 1660 1804 excusare
1675 1795 1686 1812 ,

324 1841 371 1875 ut
402 1833 517 1874 aiunt
547 1833 799 1875 celebriores
822 1832 1032 1890 theologi,
1063 1833 1125 1874 sin
1150 1833 1289 1874 minus
1315 1848 1336 1874 a
1358 1841 1447 1875 toto
1460 1834 1643 1882 „saltem
1667 1849 1689 1875 a

325 1912 442 1946 tanto
454 1920 465 1951 ‚-
492 1919 669 1960 eamque
689 1919 779 1945 esse
803 1905 854 1945 de
871 1919 952 1960 qua
971 1903 1174 1960 seriptum
1191 1903 1242 1944 sit
1256 1904 1367 1960 apud
1382 1903 1483 1945 Luc.
1507 1918 1566 1945 ΧΠ
1580 1935 1591 1952 ,
1615 1902 1682 1952 48.

330 1975 422 2027 Qui
450 1983 597 2016 autem
621 1989 712 2015 non
743 1975 972 2032 cognovit,
994 1983 1036 2027 »et
1067 1973 1169 2029 fecit
1199 1973 1337 2030 (ligna
1355 1973 1526 2029 plagis,
1555 1987 1692 2030 vapu-

329 2044 438 2086 labit
451 2045 620 2101 paupis.
638 2044 692 2085 Et
708 2043 789 2085 hoe
808 2042 1042 2085 sufficiebat
1060 2058 1158 2084 eum
1182 2044 1234 2084 ad
1257 2044 1544 2084 excusandum
1563 2041 1692 2084 Abra-

325 2116 500 2157 hamum
520 2116 633 2172 apud
653 2129 740 2163 eos,
757 2129 861 2170 quos
884 2113 1192 2169 alloquebatur,
1215 2113 1287 2169 qui
1309 2114 1456 2154 eadem
1473 2119 1693 2170 perpetra-

323 2195 472 2228 verant
485 2193 582 2228 ante
607 2200 724 2229 snam
747 2185 799 2226 ad
814 2184 942 2227 fidem
964 2184 1305 2232 conversionen13
1329 2192 1421 2230 tum
1444 2185 1496 2230 ad
1517 2182 1693 2231 eosdem

330 2258 381 2302 ab
404 2256 652 2314 hujusmodi
676 2255 853 2298 erimine
875 2256 916 2301 in
938 2264 1153 2313 posterum
1178 2256 1458 2304 revocandos,
1489 2269 1586 2300 cum
1608 2254 1695 2312 jam

332 2327 429 2385 ipsis
451 2328 565 2369 nulla
583 2328 637 2370 de
653 2326 885 2384 ignorantia
912 2335 1153 2384 suppeteret
1168 2326 1392 2374 excusatio.
1414 2325 1531 2368 Hanc
1553 2333 1695 2368 antem

331 2397 649 2455 responsionem
666 2413 717 2439 eo
733 2397 864 2455 magis
882 2397 1185 2441 admittendam
1203 2411 1363 2445 remur,
1387 2397 1501 2452 quod
1515 2395 1697 2438 Ambro-

330 2467 412 2509 sius
431 2467 539 2511 infra
563 2483 679 2511 num.
709 2483 782 2525 27,
801 2467 912 2511 hanc
933 2467 1186 2512 Patriarehae
1214 2467 1423 2515 actionem
1443 2466 1533 2514 Deo
1557 2466 1697 2524 minus

328 2539 550 2596 probatam
569 2554 660 2583 esse
677 2546 879 2587 testetur,
901 2554 948 2580 ac
965 2538 1035 2582 lib.
1059 2540 1110 2580 de
1124 2537 1345 2587 Paradiso,
1369 2552 1405 2581 0,.
1433 2552 1511 2583 11111
1525 2568 1536 2584 ,
1558 2551 1599 2579 n.
1622 2535 1696 2590 65,

331 2617 454 2665 atque
481 2609 578 2656 alibi
606 2611 658 2655 de
690 2611 838 2657 eadem
859 2618 1059 2666 tanquam
1082 2611 1133 2655 de
1156 2624 1253 2656 vero
1278 2615 1454 2666 peccato
1476 2609 1689 2664 loquatur.
