1747 3260
343 280 424 322 192
887 279 916 306 S.
958 280 1145 308 AMBROSII

339 358 443 410 Quis
476 357 588 399 enim
624 370 792 398 sensum
827 356 1009 397 hominis
1047 372 1193 414 gerens
1224 373 1308 398 non
1345 359 1567 403 erubeseat
1603 362 1694 406 sine

337 429 596 473 psalmorum
619 425 861 468 celebritate
881 426 992 466 diem
1014 428 1231 475 claudere,
1252 442 1349 468 cum
1366 429 1487 470 etiam
1511 430 1696 473 minutis-

339 500 451 541 simae
478 513 571 540 aves
594 496 769 538 solemni
793 496 1011 536 devotione
1041 505 1081 537 et
1105 497 1217 537 dulei
1243 497 1428 539 carmine
1449 506 1564 541 ortus
1599 500 1692 542 die-

336 585 430 612 rum
450 583 496 610 ae
515 567 703 608 noctium
726 574 1046 623 prosequantur.

396 637 615 681 XXXVII.
652 636 809 678 Redeat
824 635 949 692 igitur
961 636 1081 677 nobis
1100 637 1299 678 volaticus
1316 652 1473 686 sermO,
1494 639 1564 694 qui
1580 654 1691 696 pene

325 709 466 754 suerat
484 710 646 764 elapsus
671 721 721 747 ex
736 705 867 746 oeulis
883 737 893 752 ,
919 713 959 746 et
983 706 1128 762 aquilce
1150 708 1276 747 modo
1300 707 1379 748 alta
1401 715 1549 764 petens
1572 710 1692 750 vola-

334 789 402 822 tus
425 794 519 820 suos
545 778 779 818 obduxerat
804 775 1009 823 nubibus3
1040 775 1116 817 uisi
1138 776 1233 832 quia
1257 779 1401 819 oeulos
1427 778 1557 819 abluti
1582 793 1688 834 aqua

334 852 437 892 dum
459 849 509 890 de
526 846 687 905 gurgite
708 848 891 887 levamus
916 846 967 887 ad
980 846 1151 893 eoelum,
1172 847 1372 902 speculati
1389 862 1571 889 vacuum
1590 849 1693 891 aeris

338 919 544 964 volatibus
566 916 681 964 ferri,
703 917 754 957 ad
774 915 1065 956 necessitatem
1088 916 1182 972 styli
1199 924 1315 972 putav
1329 916 1435 958 imus
1457 933 1545 959 esse
1567 933 1693 960 revo-

336 991 533 1033 candum.
555 986 679 1028 Eritis
697 1001 768 1026 vos
790 984 968 1041 judices,
989 985 1059 1041 qui
1075 985 1172 1027 estis
1190 1001 1372 1043 aucupes
1391 986 1524 1034 verbi,
1549 995 1691 1029 utrum

335 1058 566 1103 consultius
585 1056 807 1102 evolasset,
834 1070 883 1096 an
906 1054 1062 1096 utiliter
1085 1055 1125 1095 in
1147 1062 1277 1096 vestra
1300 1055 1401 1096 retia
1424 1055 1473 1096 sit
1498 1057 1692 1113 relapsus
1746 1048 1747 1086 ἶ

334 1130 420 1174 Nec
443 1142 587 1169 vereor
610 1141 661 1167 ne
684 1124 898 1167 fastidium
918 1123 1038 1165 nobis
1056 1124 1231 1181 obrepat
1254 1123 1295 1164 in
1319 1124 1522 1166 volatibus
1546 1126 1693 1181 requi—

330 1199 492 1246 rendis,
513 1197 627 1253 quod
647 1210 731 1236 non
749 1194 933 1250 obrepsit
955 1193 995 1234 iu
1014 1193 1247 1251 gurgitibus
1260 1195 1598 1251 perscrutaudIs;
1619 1203 1691 1237 aut
1744 1207 1747 1254 ξ

331 1268 478 1324 aliquis
501 1265 620 1308 nobis
638 1265 678 1305 in
696 1263 977 1321 disputatione
999 1263 1256 1312 obdormiat,
1278 1279 1374 1305 euin
1397 1265 1527 1321 possit
1547 1265 1689 1307 avium
1744 1276 1747 1315 ξ

329 1338 524 1381 cantibus
551 1333 735 1376 excitari.
759 1332 843 1374 Sed
867 1332 1057 1391 profecto
1080 1334 1151 1389 qui
1179 1334 1286 1376 inter
1311 1343 1449 1376 mutos
1467 1336 1605 1392 pisces
1629 1336 1692 1378 vi-

327 1407 544 1467 gilaverit,
582 1419 666 1447 non
697 1402 845 1444 dubito
879 1403 992 1458 quod
1021 1402 1128 1443 inter
1161 1418 1333 1445 canoras
1363 1419 1455 1445 aves
1487 1420 1684 1447 somnum

328 1478 485 1521 sentire
506 1490 590 1517 non
613 1473 771 1532 possit,
799 1487 896 1514 cum
930 1472 999 1514 tali
1021 1474 1072 1514 ad
1096 1473 1348 1530 vigilandum
1381 1474 1511 1531 gratia
1534 1490 1688 1532 provo-

329 1556 460 1592 cetur.
483 1546 626 1602 Neque
649 1558 747 1585 vero
766 1543 844 1583 vile
861 1550 1047 1599 putetur,
1069 1544 1181 1598 quod
1203 1544 1335 1600 potuit
1357 1545 1574 1601 praeteriri,
1591 1561 1690 1587 cum

327 1619 382 1661 sit
406 1617 524 1661 tertia
548 1630 642 1673 pars
668 1614 709 1655 in
735 1612 1015 1654 animantibus
1039 1620 1252 1654 creaturae.
1280 1613 1376 1655 Tria
1398 1614 1509 1655 enim
1535 1630 1688 1672 genera

326 1687 602 1731 animantium
615 1699 704 1727 esse
722 1699 806 1725 non
819 1682 994 1724 dubium
1008 1691 1085 1730 est,
1107 1691 1336 1731 terrenum,
1355 1684 1538 1733 volatile,
1560 1700 1683 1741 aqua-

329 1762 414 1803 tile.
441 1758 633 1814 Denique
661 1756 719 1797 sie
749 1754 952 1811 seriptum
976 1761 1037 1795 est
1061 1768 1069 1794 :
1101 1772 1115 1791 «
1139 1753 1377 1795 Producant
1409 1755 1574 1812 reptilia
1598 1757 1689 1798 ani—

327 1844 523 1872 »marum
546 1825 774 1868 viventium
802 1824 1036 1865 secundum
1059 1838 1210 1879 genus,
1236 1831 1277 1864 et
1302 1824 1480 1866 volatilia
1502 1826 1684 1868 volantia

324 1920 342 1942 a>
356 1907 642 1958 superterram
653 1910 772 1936 secus
785 1892 1095 1934 firmamentum
1112 1893 1207 1934 eoeli
1219 1895 1454 1935 secundum
1469 1894 1637 1951 genus¹.
1655 1913 1671 1934 ι

383 1966 626 2014 XXXVIII.
660 1965 925 2007 Revocamur
947 1964 994 2003 ad
1014 1963 1228 2019 superiora
1250 1963 1359 2004 sieut
1374 1963 1565 2005 obliviosi
1587 1963 1677 2006 via-

322 2050 434 2084 tores
455 2071 465 2087 ,
498 2051 595 2079 eum
631 2034 868 2076 inconsulto
900 2032 1203 2089 praeterierint,
1241 2032 1283 2074 in
1317 2049 1390 2074 sua
1426 2042 1682 2076 revertentes

320 2109 492 2166 vestigia
516 2104 687 2148 incuriae
709 2119 791 2145 suae
814 2102 1015 2144 mulctam
1041 2101 1220 2159 repetito
1248 2103 1407 2144 itineris
1427 2103 1574 2145 labore
1597 2119 1682 2145 sus·

319 2180 495 2238 cipiunt.
523 2177 596 2219 Est
624 2183 766 2216 tamen
795 2172 921 2214 etiam
951 2172 1087 2213 bonus
1114 2172 1246 2214 viator
1265 2205 1275 2221 ‚
1307 2173 1378 2229 qui
1411 2172 1680 2230 dispendium

315 2245 585 2307 regressionis
616 2243 763 2300 reliqui
795 2241 953 2285 itineris
982 2241 1281 2299 compendiosa
1313 2242 1528 2284 celeritate
1559 2255 1680 2284 com-

315 2327 490 2379 penset,
508 2324 555 2358 ut
577 2313 679 2356 mihi
696 2311 935 2355 faciendum
958 2311 1138 2353 arbitror
1157 2328 1168 2359 ;
1195 2311 1375 2353 maxime
1397 2326 1496 2353 cum
1519 2312 1571 2354 de
1588 2311 1677 2354 avi-

315 2390 398 2436 bus
423 2402 559 2430 sermo
577 2385 651 2433 sit,
676 2399 769 2441 quae
789 2383 924 2424 solent
945 2382 1089 2423 oculos
1110 2379 1332 2422 hominum
1354 2381 1495 2422 volatu
1519 2396 1676 2439 prope-

314 2460 470 2506 ratiore
492 2455 782 2516 perstringere.
808 2451 923 2505 Quid
945 2451 1058 2493 enim
1079 2451 1277 2494 convenit
1298 2451 1346 2493 iis
1369 2451 1585 2494 immorari
1600 2483 1612 2499 .
1631 2451 1675 2493 in

286 2526 468 2589 ¹quibus
505 2524 694 2568 celeritas
730 2524 897 2582 placere
937 2520 1192 2564 consuevit?
1227 2520 1355 2564 Avius
1393 2519 1516 2578 igitur
1548 2527 1674 2577 atque

359 2633 371 2649 ι
391 2623 474 2655 Gen.
493 2632 517 2661 1,
534 2630 586 2654 ιο.

1743 1331 1747 1369 i
