1747 3260
469 275 756 303 nExAEMEnou.
795 275 874 303 Lm.
911 275 948 302 v.
1307 261 1389 316 169

37 356 78 397 in
108 354 363 397 hominibus.
390 353 602 409 Plcraeque
627 368 678 394 ex
707 352 941 409 suspicione
969 349 1259 392 novercalibus
1284 349 1389 391 odiis

38 425 242 482 appetitos
265 439 359 464 suos
377 423 625 464 occiderunt
647 421 780 463 filios:
802 421 890 462 alise
906 421 948 462 in
971 421 1080 462 same
1095 451 1105 468 ,
1133 427 1176 460 ut
1193 418 1385 474 legimus,

36 502 177 551 partus
204 493 392 549 proprios
423 493 710 533 comederunt.
747 491 949 533 Humanis
979 489 1223 547 pignoribus
1251 495 1387 528 mater

37 564 275 619 sepulcrum
306 561 413 603 facta
445 569 507 602 est
530 576 540 602 τ
563 560 742 618 piscium
782 561 891 617 proli
925 560 1110 616 parentis
1142 566 1205 600 est
1238 566 1386 598 uterus

37 631 144 672 sicut
164 646 310 671 murus
325 662 337 678 ,
364 632 471 671 vallo
494 632 677 686 quodam
701 631 963 671 internorum
986 630 1193 671 viscerum
1213 628 1388 685 pignora

38 699 240 741 inoffensa
268 707 497 741 conservat.

93 767 205 812 thl.
241 769 414 810 Diversa
447 769 574 825 igitur
604 768 784 825 piscium
812 783 962 826 genera
995 769 1177 810 diversos
1198 782 1297 808 usus
1319 765 1396 807 ha-

34 838 137 879 hent
153 871 163 886 ‚
188 838 255 879 alii
277 854 353 879 ova
378 846 578 894 generant
593 871 604 886 ‚
630 839 695 880 alii
715 840 827 880 vivos
842 839 1010 896 pariunt
1030 847 1154 894 atque
1170 838 1384 878 formatos,
1431 845 1437 847 ’

33 909 85 949 Et
103 908 171 964 qui
197 924 271 950 ova
299 917 524 965 generant,
550 925 633 950 non
661 910 781 951 nidos
803 917 950 950 texunt
972 917 1018 950 ut
1041 924 1160 956 aves,
1186 923 1269 948 nou
1294 906 1392 948 diu-

34 977 146 1018 turni
172 977 282 1019 sotus
309 979 497 1019 laborem
534 979 743 1027 induunt,
775 994 859 1019 non
889 993 987 1019 cum
1013 976 1201 1018 molestia
1231 975 1293 1016 sui
1316 990 1392 1014 nu-

34 1047 177 1089 triunt.
206 1047 369 1088 Cecidit
392 1063 542 1096 ovum,
567 1050 680 1104 quod
709 1063 812 1104 aqua
836 1047 993 1104 gremio
1020 1047 1202 1103 quodam
1227 1052 1388 1084 naturae

35 1131 118 1157 sure
149 1117 264 1172 quasi
296 1117 435 1158 nutrix
468 1118 621 1158 blanda
652 1117 857 1174 suscepit,
895 1125 936 1158 et
967 1116 1119 1158 animal
1148 1114 1272 1157 celeri
1301 1114 1391 1154 sotu

33 1185 226 1227 reddidit.
261 1185 470 1227 Continuo
504 1187 616 1228 enim
643 1195 759 1228 tactu
789 1186 973 1243 parentis
1006 1186 1236 1227 animatum
1264 1196 1391 1224 ovum

34 1256 186 1297 cecidit
201 1288 211 1304 ,
235 1264 276 1297 et
297 1256 423 1313 piscis
446 1256 585 1298 exivit.

92 1325 165 1367 IX.
204 1326 311 1367 Tum
344 1325 495 1366 deinde
534 1340 659 1381 quam
696 1340 800 1382 pura
833 1334 874 1367 et
911 1325 1104 1366 inviolata
1144 1321 1387 1366 successio!

34 1394 182 1437 Nullus
204 1395 322 1436 alteri
341 1397 414 1436 sed
427 1395 569 1452 generi
587 1410 662 1436 suo
678 1395 896 1444 miscetur,
916 1395 1144 1452 thymallus
1168 1392 1390 1449 thymallo,

31 1465 155 1521 lupus
176 1466 289 1521 lupo.
312 1463 534 1521 Scorpcena
559 1479 727 1520 quoque
751 1464 985 1506 castitatem
1009 1461 1267 1504 immaculati
1287 1475 1392 1501 con-

33 1533 150 1575 nubii
177 1533 319 1590 generi
348 1548 422 1574 suo
446 1541 594 1574 servat.
623 1534 768 1589 Itaque
798 1532 928 1574 habet
951 1532 1197 1589 pudicitiam
1227 1529 1391 1587 generis

34 1603 122 1652 sui,
148 1604 220 1644 sed
251 1617 459 1644 venenum
484 1602 647 1659 generis
674 1602 736 1644 sui
759 1617 844 1643 non
865 1602 1018 1649 habet;
1050 1617 1136 1643 non
1161 1599 1274 1641 enim
1303 1613 1396 1656 per·

34 1673 139 1714 cutit
161 1686 372 1729 scorpaena
390 1704 400 1720 ,
428 1673 501 1713 sed
522 1671 670 1714 reficit.
699 1671 899 1713 Nesciunt
917 1671 1044 1727 igitur
1061 1670 1392 1726 alienigenarum

33 1756 182 1799 genera
218 1742 397 1799 piscium
430 1741 663 1783 adulterina
696 1740 914 1798 contagia,
948 1740 1056 1785 sicut
1095 1747 1192 1780 sunt
1221 1754 1269 1780 ea
1300 1751 1393 1793 quae

33 1815 190 1853 coeunt
232 1811 443 1852 asinorum
462 1843 474 1859 ,
519 1825 808 1867 equarumque
845 1810 954 1851 inter
995 1825 1038 1852 se
1075 1825 1253 1866 genera,
1298 1822 1393 1864 quae

30 1894 181 1938 magna
199 1881 420 1922 hominum
440 1896 537 1923 cura
557 1889 854 1939 perpetrantur
874 1896 884 1921 τ
902 1882 967 1921 vel
983 1895 1127 1921 rursus
1144 1894 1242 1921 cum
1260 1892 1396 1934 equus

32 1949 156 1991 asinae
187 1950 404 1999 miscetur,
443 1966 534 2007 qum
578 1959 676 1993 sunt
710 1966 807 1993 tera
843 1950 1044 1992 adulteria
1078 1957 1250 1991 naturae.
1292 1947 1399 1990 Nam

31 2017 175 2075 utique
191 2019 328 2075 majus
349 2028 411 2061 est
428 2021 545 2076 quod
558 2019 599 2061 in
616 2028 776 2061 naturae
794 2019 1076 2061 colluvionem
1092 2017 1396 2065 committitur,

31 2102 156 2144 quam
185 2091 297 2145 quod
323 2088 365 2130 in
392 2105 580 2147 personae
608 2089 819 2146 injuriam.
851 2089 902 2130 Et
926 2088 1159 2133 homoista
1188 2101 1392 2144 procuras

31 2156 235 2214 interpres
269 2159 461 2200 adulterii
493 2159 762 2215 jumentalis;
797 2166 839 2200 et
860 2158 963 2200 illud
997 2157 1152 2199 animal
1173 2155 1396 2206 pretiosius

30 2233 174 2282 putas,
207 2230 321 2283 quod
347 2229 656 2278 adulterinum,
691 2244 817 2285 quam
848 2229 962 2285 quod
994 2242 1141 2269 verum
1171 2225 1264 2267 est?
1300 2225 1396 2282 Ipse

31 2307 182 2353 genera
206 2295 339 2340 aliena
357 2299 580 2341 confundis
595 2331 608 2349 ‚
629 2299 873 2356 diversaque
893 2299 1045 2340 misces
1063 2297 1220 2339 semina
1237 2328 1248 2343 ,
1269 2303 1397 2351 atque

34 2366 87 2408 ad
114 2367 268 2409 vetitos
298 2372 433 2410 coitus
457 2370 708 2426 plerumque
732 2369 845 2426 cogis
867 2368 1039 2416 invitm,
1072 2375 1115 2409 et
1139 2366 1221 2408 hoc
1250 2365 1399 2406 indus-

31 2436 152 2478 triam
183 2436 335 2480 vocas?
365 2439 455 2480 Hoc
491 2440 586 2496 quia
618 2441 669 2482 de
697 2439 941 2481 hominibus
972 2439 1110 2480 facere
1139 2452 1223 2479 non
1245 2444 1393 2494 potes,

30 2514 78 2547 ut
93 2507 242 2549 diversi
265 2510 426 2566 generis
445 2510 688 2552 commixtio
705 2510 854 2552 foetum
874 2508 1007 2567 possit
1023 2508 1265 2555 excludere,
1288 2506 1399 2548 tollis

30 2573 191 2631 homini
214 2580 328 2635 quod
353 2589 477 2623 natus
501 2589 589 2632 est,
614 2588 656 2623 et
674 2580 810 2623 virum
834 2582 885 2622 de
907 2580 996 2621 viro
1018 2579 1134 2622 exuis
1150 2610 1162 2627 ,
1191 2576 1403 2620 abscissa»
