1747 3260
328 221 408 262 160
871 231 900 258 5.
940 229 1130 259 1111110511

316 325 425 353 »nec
453 311 623 352 tollatur
650 309 750 350 luna
777 308 807 350 ¹.
847 327 862 347 »
890 308 942 349 Et
977 308 1018 348 in
1049 306 1230 349 Canticis
1270 304 1479 347 Dominus
1516 305 1566 347 de
1606 321 1686 348 5113

319 396 468 439 sponsa
492 380 571 421 ait:
609 396 624 416 «
645 378 849 429 Quaenam
871 384 931 418 est
956 376 1043 417 haec
1063 374 1321 433 prospiciens
1346 383 1549 431 tanquam
1568 375 1685 417 dilu-

321 452 463 493 culum
486 482 495 497 ‚
528 448 711 506 speciosa
738 448 845 488 sicut
867 448 963 488 luna
979 479 990 495 ,
1014 447 1145 487 electa
1169 453 1214 487 ut
1245 447 1306 486 501
1332 445 1343 464 ²
1365 445 1382 486 Ξ)
1407 463 1420 483 n
1454 446 1505 486 Et
1526 446 1687 487 merito·
1734 478 1738 501 ;

321 521 507 578 speciosa
535 520 639 561 sicut
663 520 760 560 luna
787 517 971 558 Ecclesia
990 549 1000 565 ,
1025 531 1116 572 quae
1134 524 1222 557 toto
1246 516 1407 556 mundo
1431 514 1617 564 refulsit,
1639 523 1686 556 et
1734 513 1738 522 ’

322 591 518 632 tenebras
540 589 679 631 saeculi
706 587 831 644 hujus
856 587 1094 628 illuminans
1120 586 1221 628 dicit
1242 601 1250 626 :
1289 603 1304 622 «
1324 585 1415 627 Nox
1441 585 1684 643 praecessit,

322 662 439 702 »dies
471 668 612 701 autem
646 657 997 716 appropinquavit
1023 656 1053 698 ³.
1091 674 1105 694 »
1147 655 1326 697 Pulchre
1360 655 1440 703 ait,
1476 672 1491 692 «
1512 655 1690 712 Prospi-

324 750 340 769 »
357 732 469 772 ciens
485 763 495 778 ‚
515 748 530 768 »
554 728 669 785 quasi
688 743 783 768 suos
796 729 846 768 de
864 727 1075 784 superiore
1089 733 1377 782 prospectans,
1399 724 1506 766 sicut
1522 724 1685 766 hahes:
1736 730 1740 743 '

334 819 349 838 «
371 801 575 843 Dominus
605 800 655 840 de
686 799 791 838 coelo
820 797 1031 854 prospexit
1059 811 1182 853 super
1210 794 1316 836 filios
1345 795 1567 836 hominnm
1589 793 1627 835 ⁵.
1655 813 1678 832 n

321 870 586 927 Prospiciens
618 883 716 925 crgo
753 867 964 914 Ecclesia,
998 866 1106 908 sicut
1142 867 1240 906 luna
1268 864 1454 906 desectus
1484 864 1615 906 habet
1640 873 1690 906 ct

321 949 438 982 ortus
462 939 699 995 frequentes
717 939 729 976 ε’
752 938 825 977 sed
841 936 1075 977 defectibus
1097 935 1179 976 suis
1204 935 1331 976 crevit
1350 967 1359 983 ,
1381 933 1505 976 ethis
1529 934 1694 976 memte
1736 945 1740 956 ²

324 1009 536 1067 ampliari,
564 1009 664 1050 dum
688 1006 1052 1064 persecutionibus
1080 1005 1307 1052 minuitur,
1333 1013 1373 1045 et
1397 1003 1690 1046 consessorum
1736 1010 1739 1058 f

320 1079 531 1136 martyriis
555 1085 795 1119 coronatur.
820 1077 917 1117 Haec
938 1084 1107 1117 estvera
1129 1077 1252 1123 luna,
1274 1089 1366 1131 quae
1387 1076 1436 1115 (10
1459 1074 1597 1116 fratris
1621 1074 1693 1115 sni

321 1150 417 1191 luce
435 1148 790 1205 perpetualumen
807 1145 883 1187 sibi
898 1145 1221 1187 immortalitatis
1233 1153 1273 1186 ct
1291 1144 1430 1202 gratiae
1446 1152 1685 1185 mutuatur.
1738 1148 1740 1182 Ξ

319 1218 472 1275 Fulget
502 1216 615 1258 cuim
646 1215 833 1257 Ecclesia
867 1230 949 1256 non
984 1230 1056 1256 suo
1084 1248 1094 1263 ,
1130 1215 1202 1256 sed
1236 1214 1390 1256 Christi
1421 1215 1580 1256 lumine
1599 1231 1616 1261 ς,
1642 1221 1694 1256 οι

325 1287 592 1344 splendorem
610 1285 688 1326 sibi
710 1284 879 1326 arcessit
901 1286 951 1326 de
974 1284 1070 1326 Sole
1094 1283 1283 1340 justitiae,
1309 1291 1355 1325 ut
1379 1284 1518 1325 dicat:
1545 1302 1560 1322 α
1577 1283 1693 1326 Vivo
1738 1298 1742 1307 ⁸

322 1366 494 1399 »autem
528 1355 615 1413 jam
647 1369 732 1396 non
765 1369 867 1411 ego,
903 1353 1003 1395 vivit
1040 1362 1180 1395 autem
1210 1353 1253 1394 in
1285 1369 1353 1394 me
1382 1353 1577 1394 Christus
1598 1352 1634 1394 ⁵.
1658 1371 1683 1390 Β

320 1427 452 1469 Beata
479 1427 603 1483 plane
629 1440 720 1481 quae
748 1431 912 1465 tantum
944 1423 1104 1481 insigne
1133 1423 1324 1465 meruisti
1349 1424 1356 1464 ἔ
1384 1425 1502 1465 [ndo
1531 1432 1572 1465 te
1600 1438 1694 1464 nou

326 1497 407 1537 tuis
430 1494 684 1543 neomeniis,
711 1495 783 1535 sed
806 1502 904 1551 typo
922 1493 1120 1535 Ecclesiae
1147 1494 1313 1535 beatam
1332 1493 1518 1536 dixerim.
1541 1494 1588 1535 111
1606 1494 1693 1536 {flis-

323 1567 436 1608 enim
465 1565 608 1613 servis,
630 1565 671 1606 in
695 1565 775 1606 hoc
801 1563 997 1621 diligeris

382 1634 586 1677 XXXIII.
626 1626 765 1685 Quam
792 1634 1019 1675 ridiculum
1049 1642 1189 1675 autem
1215 1636 1327 1690 quod
1365 1643 1405 1676 te
1433 1635 1693 1692 ple-rumque

324 1706 505 1747 credunt
520 1703 712 1745 homines
732 1703 905 1760 magicis
923 1703 1179 1744 carminibus
1200 1719 1320 1761 posse
1339 1705 1517 1746 deduci!
1542 1705 1696 1748 Anile?-

324 1774 412 1816 istae
429 1773 594 1821 sabulae,
616 1787 664 1814 ac
684 1772 797 1830 vulgi
821 1773 1054 1830 opiniones.
1083 1773 1188 1824 Quis
1209 1773 1323 1814 enim
1340 1789 1445 1831 opus
1470 1774 1547 1816 Dei
1571 1783 1694 1817 tanto

322 1844 556 1886 ministerio
588 1844 837 1900 deputatum
869 1843 1095 1884 arbitretur
1115 1843 1348 1900 chaldaicis
1378 1844 1695 1901 superstitioni-

322 1913 401 1956 bus
413 1928 534 1971 posse
550 1911 731 1953 tentari?
753 1911 911 1969 Lapsus
934 1912 986 1954 sit
1010 1913 1092 1961 ille,
1110 1913 1180 1969 qui
1196 1928 1238 1955 se
1260 1912 1528 1971 transfigurat
1545 1913 1589 1955 111
1603 1914 1696 1956 Au-

325 1985 466 2041 gelum
483 1982 605 2031 lucis,
625 1991 666 2024 et
683 1984 891 2025 deductus
906 1984 1122 2025 voluntate
1135 1984 1304 2041 propria
1317 2017 1328 2032 ,
1347 1999 1432 2025 non
1449 1985 1695 2043 carminum.

325 2060 546 2111 potestate.
576 2051 685 2094 Sane
707 2061 750 2094 et
782 2053 822 2094 in
850 2053 929 2095 hoc
955 2054 1071 2110 quasi
1099 2054 1284 2096 Ecclesia
1307 2055 1464 2112 putaris
1486 2070 1609 2113 posse
1634 2056 1694 2096 <Eu

324 2124 420 2166 1000
439 2132 513 2165 tuo
537 2131 578 2164 et
602 2123 781 2165 statione
799 2123 964 2166 deduci.
995 2123 1115 2165 Multi
1141 2131 1304 2165 tentant
1325 2124 1558 2166 Ecclesiam
1574 2140 1588 2166 t
1612 2125 1694 2169 sed

325 2208 433 2250 sagae
462 2193 560 2235 artis
584 2193 621 2234 ei
647 2193 831 2235 carmina
855 2209 1009 2236 nocero
1030 2209 1114 2235 non
1135 2202 1321 2251 possunt.
1359 2194 1472 2238 Nihil
1493 2195 1687 2237 incanta-

326 2272 438 2305 tores
464 2264 631 2311 valent,
665 2263 738 2304 ubi
771 2263 924 2305 Christi
956 2264 1169 2306 canticum
1199 2264 1385 2321 quotidie
1417 2267 1689 2309 decantatur.
1738 2268 1746 2301 '-

323 2333 463 2376 Habet
499 2332 805 2374 incantatorem
836 2349 958 2375 suum
985 2334 1215 2376 Dominum
1247 2334 1394 2377 Jesum
1413 2367 1425 2385 ‚
1458 2351 1534 2394 per
1558 2351 1692 2393 quem
1745 2371 1747 2374 .

286 2457 294 2465 Α
323 2417 546 2459 magorum
582 2402 889 2446 incantantium
928 2405 1141 2453 carmina,
1178 2412 1220 2446 et
1252 2413 1496 2463 serpentum
1524 2419 1692 2449 venena

372 2518 380 2532 ¹
396 2508 476 2540 Psal.
495 2519 579 2547 uxi,
595 2519 628 2551 7.
649 2526 687 2534 -
706 2516 717 2531 ²
737 2509 832 2544 Cant.
849 2520 896 2550 vr,
911 2522 941 2553 9.
961 2528 1001 2535 —
1017 2513 1030 2535 ³
1049 2512 1144 2544 Rom.
1161 2523 1234 2550 xur,
1253 2523 1302 2544 12.
1318 2534 1357 2541 —-
1373 2515 1386 2540 ⁴
1405 2512 1487 2547 Psal.
1507 2523 1581 2553 xm,
1598 2524 1630 2547 r.
1643 2529 1693 2540 -α

325 2565 340 2588 ⁵
359 2561 464 2595 Galat.
484 2573 522 2602 ιι,
542 2572 591 2594 20.
1661 2575 1665 2577 >

1736 3175 1747 3260 auu—-
1738 3151 1743 3162 -
