1742 3233
408 358 459 390 mc
491 354 703 389 mammo.
740 354 859 388 namt
895 354 1008 387 vsvs.
1315 344 1397 387 301

39 435 172 500 plasto
202 438 262 482 illi
292 436 416 488 Adae‚
440 437 554 495 quod
577 450 674 480 eum
696 443 868 479 noverat
896 435 1070 477 minime
1096 441 1357 478 servaturum
1388 453 1399 485 ς

38 512 143 555 nihil
161 519 301 553 autem
315 510 427 552 Deus
445 508 706 566 superfluum
724 507 822 550 facit
841 524 852 556 ;
877 522 975 564 ergo
998 520 1083 549 non
1105 515 1167 548 est
1184 506 1399 564 Scriptura

39 596 89 623 ex
104 581 207 622 Dco.
235 580 324 622 Hoc
345 579 457 621 enim
478 578 700 634 objiciunt,
726 577 797 634 qui
817 577 949 618 Vetus
971 591 1056 617 non
1075 576 1283 632 recipiunt
1304 577 1400 618 Tes-

38 658 286 697 tamentum,
321 657 363 690 et
388 649 462 690 has
486 649 742 690 interserunt
773 647 1036 703 quaestiones.
1073 646 1229 688 Verum
1256 646 1297 687 hi
1326 662 1397 687 sua

39 720 242 762 sententia
264 728 305 761 et
325 719 522 777 opinione
542 717 736 759 vincendi
760 725 869 758 sunt.
901 717 1007 757 Cum
1033 715 1146 757 enim
1173 715 1276 757 Novi
1297 716 1399 757 Tes-

39 790 215 832 tamenti
245 805 328 831 non
359 788 542 830 refutant
567 787 710 835 fidem,
745 789 936 843 exemplo
970 794 1067 827 sunt
1102 787 1325 843 arguendi,
1355 795 1400 828 ut

40 859 171 902 Vetus
195 861 367 901 credant
390 874 398 900 :
421 858 618 915 quoniam
641 872 738 898 cum
762 857 840 898 sihi
857 856 994 898 divina
1013 866 1218 914 praecepla
1237 866 1278 899 et
1295 857 1402 899 sacta

40 930 308 977 conveniant,
332 929 455 970 unius
480 927 660 970 auctoris
681 927 997 969 Testamentum
1016 935 1246 982 utrumque
1269 927 1400 982 liquet

38 1014 126 1040 esse
151 1000 425 1040 credendum.
458 997 634 1039 Discant
655 996 780 1053 igitur
809 1011 894 1037 non
922 995 1198 1052 superfluum,
1229 1011 1312 1036 non
1335 995 1404 1036 in-

36 1068 195 1125 justum
215 1068 340 1110 etiam
356 1067 681 1125 praevaricaturo
705 1063 998 1123 praescriptum
1022 1079 1113 1106 esse
1130 1065 1394 1106 mandatum.

38 1138 143 1181 Nam
159 1146 200 1180 et
216 1138 303 1196 ipse
314 1137 518 1187 Dominus
530 1136 555 1177 J
558 1151 652 1177 esus
667 1136 790 1192 elegit
805 1134 831 1176 J
836 1137 978 1183 udam,
996 1150 1121 1191 quem
1139 1135 1400 1192 proditorem

40 1209 209 1251 sciebat.
229 1210 369 1261 Quem
386 1209 417 1250 si
429 1224 506 1266 per
522 1207 851 1265 imprudentiam
868 1208 1051 1248 electum
1068 1215 1233 1264 putant,
1254 1206 1403 1248 divinae

42 1282 244 1338 derogant
271 1279 481 1338 potestati.
516 1278 599 1320 Sed
622 1278 703 1320 hoc
729 1278 935 1319 aestimare
967 1292 1051 1318 non
1083 1285 1271 1334 possunt,
1307 1293 1405 1319 cum

41 1349 256 1408 Scriptura
278 1350 389 1392 dicat
409 1364 418 1391 τ
436 1349 578 1400 «Quia
602 1348 759 1390 sciebat
775 1347 897 1389 Jesus
915 1347 1007 1403 quis
1032 1362 1129 1388 eum
1156 1348 1401 1404 proditurus

41 1419 219 1462 »esset¹.
251 1438 266 1458 »
296 1419 592 1462 Conticescant
623 1418 749 1476 igitur
789 1425 1092 1475 repugnatores
1135 1417 1203 1460 isti
1242 1418 1404 1460 Veteris

41 1488 311 1531 Testamenti.

99 1558 306 1602 XXXIX.
330 1559 412 1601 Sed
427 1558 625 1615 quoniam
640 1557 765 1599 etiam
775 1557 997 1615 gentilibus
1011 1590 1021 1606 ,
1043 1557 1075 1598 si
1092 1557 1197 1599 sorte
1212 1558 1323 1599 istud
1334 1559 1406 1599 oh-

42 1627 242 1684 jecerint,
268 1630 618 1686 respondendum
649 1628 834 1676 videtur,
861 1627 930 1683 qui
951 1628 1187 1685 exemplum
1210 1643 1294 1669 non
1312 1628 1414 1669 reci-

42 1697 163 1755 piunt
180 1732 190 1747 ‚
216 1698 421 1740 rationem
445 1698 639 1755 exigunt;
661 1697 869 1754 accipiant
894 1697 1019 1738 etiam
1040 1697 1116 1754 ipsi
1141 1712 1221 1753 qua
1245 1698 1406 1739 ratione

43 1768 118 1810 Dei
133 1769 262 1810 Filius
277 1770 343 1810 vel
353 1769 677 1826 praevaricaturo
694 1768 958 1809 mandaverit
970 1800 980 1816 ,
1001 1769 1067 1809 vel
1079 1769 1250 1824 elegerit
1269 1769 1409 1825 prodi-

45 1846 200 1881 turum.
224 1839 404 1881 Venerat
420 1839 626 1882 Dominus
645 1838 767 1880 Jesus
787 1854 933 1880 omnes
955 1840 1087 1880 sah-os
1110 1838 1247 1880 facere
1264 1855 1411 1896 pecca-

48 1918 182 1959 tores,
207 1910 333 1951 etiam
355 1910 466 1951 eirca
490 1909 639 1966 impios
657 1910 880 1951 ostendere
901 1924 1018 1950 suam
1044 1908 1190 1950 debuit
1212 1911 1408 1952 volunta-

51 1987 148 2021 tem.
171 1980 222 2021 Et
245 1980 338 2022 ideo
357 1995 433 2021 nec
455 1980 725 2037 proditurum
752 1979 898 2026 debuit
919 1979 1160 2036 praeterire3
1186 1987 1233 2020 ut
1259 1981 1409 2021 adver-

50 2055 190 2091 teti-'ent
230 2064 374 2091 omnes
389 2081 400 2097 ,
441 2050 555 2105 quod
590 2050 632 2090 in
670 2049 876 2090 electione
918 2049 1044 2091 etiam
1082 2049 1307 2106 proditoris
1349 2051 1412 2093 sui

51 2120 352 2161 servandorum
375 2119 566 2160 omnium
599 2119 759 2176 insigne
779 2119 1026 2176 praetendit,
1050 2134 1129 2161 nec
1154 2120 1195 2161 in
1217 2135 1266 2161 eo
1289 2122 1409 2163 laesus

0 2215 1 2218 =
51 2197 114 2230 est
145 2191 210 2231 vel
231 2188 392 2238 Adam,
424 2189 521 2246 quia
544 2191 791 2230 mandatum
825 2189 1009 2246 accepit,
1035 2191 1100 2231 vel
1133 2188 1287 2238 Judas,
1315 2192 1410 2248 quia

52 2261 208 2301 electus
225 2268 299 2301 est.
323 2259 415 2302 Non
436 2259 549 2301 enim
568 2259 859 2301 necessitatem
880 2259 992 2301 Deus
1006 2261 1071 2301 vel
1089 2259 1144 2301 illi
1162 2261 1412 2317 praevarica—

0 2344 2 2378 ῃ
53 2330 197 2380 tionis,
220 2332 286 2373 vel
307 2330 405 2372 huic:
423 2330 670 2388 proditionis
686 2329 908 2387 imposuit,
929 2329 1024 2385 quia
1044 2337 1220 2386 uterque
1244 2331 1276 2371 si
1295 2333 1407 2387 quod

1 2426 3 2450 ς
55 2408 296 2458 acceperat,
321 2399 591 2447 custodisset,
618 2407 827 2457 apeccato
853 2398 1062 2440 abstinere
1084 2399 1300 2455 potuisset.
1324 2400 1410 2441 De-

0 2464 4 2520 ;⁷
55 2470 180 2526 nique
203 2484 280 2511 nec
297 2469 322 2512 J
327 2471 465 2512 udaeos
488 2485 634 2511 omnes
658 2469 891 2510 credituros
908 2466 1066 2509 sciehat
1081 2500 1092 2517 ,
1109 2475 1151 2509 et
1168 2476 1307 2510 tamen
1329 2470 1408 2512 ait:

1 2532 5 2544 ’
67 2539 187 2582 «Non
209 2539 304 2581 veni
325 2539 404 2581 nisi
429 2541 480 2581 ad
502 2555 597 2581 oves
613 2540 796 2597 perditas
818 2540 968 2580 domus
985 2537 1151 2579 Israel&
1171 2538 1309 2596 »Ergo
1326 2554 1410 2581 non

3 2612 5 2632 ³
59 2609 99 2650 in
122 2611 348 2652 mandante
372 2611 494 2667 culpa
508 2618 592 2658 est,
621 2611 696 2652 sed
713 2609 754 2651 in
777 2609 1075 2667 praevaricante
1091 2617 1313 2666 peceatum
1333 2619 1407 2655 est.

104 2709 112 2724 ¹
133 2701 228 2734 Joan.
246 2712 291 2741 vi,
310 2701 363 2734 65.
381 2720 421 2727 —
437 2711 450 2726 ²
469 2701 589 2736 Matth.
607 2711 660 2743 xv,
679 2701 732 2740 24.
