1747 3260
494 288 785 316 HEXAEMERON.
824 288 902 315 Lm.
943 287 987 314 11.
1369 273 1426 331 73

65 368 172 411 illius
201 365 379 409 eoelestis
408 365 680 408 conversione
699 398 710 415 ‚
744 380 838 422 quae
869 380 998 422 super
1031 364 1159 406 coelos
1195 372 1269 406 est.
1306 363 1426 408 Sicut

63 438 175 482 enim
199 446 306 479 terra
325 435 437 477 inani
461 436 744 493 suspenditur,
765 437 831 478 vel
852 436 1043 493 pondere
1062 435 1218 477 librato
1243 433 1430 490 undique

63 507 288 551 immobilis
328 514 597 563 perseverat3
641 506 697 547 ita
729 514 773 547 et
808 520 915 561 aqua
956 511 1027 546 aut
1059 503 1321 560 gravioribus
1356 512 1428 546 aut

61 577 188 633 aequis
213 591 310 618 cum
333 584 443 618 terra
466 575 726 633 ponderibus
746 575 1023 617 examinatur.
1052 575 1237 630 Ideoque
1260 589 1345 615 non
1369 574 1426 617 sa·

59 647 138 691 cilo
160 646 477 704 superfunditur
499 661 617 688 mare
643 646 764 688 terris
781 679 791 695 ‚
817 645 896 687 nisi
919 660 1017 687 cum
1040 644 1213 701 jubetur
1233 644 1359 685 exire.

119 715 214 758 XII.
251 716 412 758 Deinde
445 732 541 758 cum
574 717 651 774 ipsi
683 717 825 758 dicant
855 716 965 759 volvi
995 715 1142 757 orbem
1171 715 1265 757 coeli
1296 714 1424 757 stellis

62 786 303 828 ardentibus
331 786 607 843 refulgentem
625 819 636 836 ,
666 802 807 829 nonne
836 788 974 829 divina
997 786 1260 844 providentia
1283 800 1425 827 neces-

59 855 164 898 sario
193 856 427 914 prospexit,
462 865 509 899 ut
543 858 651 900 intra
675 859 823 900 orbem
845 858 943 900 coel’r
972 866 1014 900 et
1041 873 1166 914 supra
1193 857 1340 898 orbem
1361 870 1423 898 re-

63 927 271 968 dundaret
297 942 426 983 aqua,
453 942 544 983 quae
574 928 641 969 illa
664 928 861 970 ferventis
886 928 971 969 axis
998 928 1191 969 incendia
1214 935 1426 983 tempera-

58 996 156 1038 ret?
180 998 404 1054 Propterea
434 997 531 1053 quia
564 999 748 1039 exundat
772 997 877 1055 ignis
901 1007 942 1040 et
969 997 1130 1045 servet,
1160 996 1286 1037 etiam
1319 1010 1424 1052 aqua

58 1066 289 1109 exundavit
306 1066 348 1107 in
367 1067 487 1108 terris
501 1099 511 1115 ‚
532 1082 585 1108 ne
602 1083 671 1109 eas
694 1068 902 1125 surgentis
926 1068 1022 1110 solis
1043 1075 1084 1108 et
1106 1067 1318 1108 stellarum
1342 1065 1401 1107 mi
1420 1090 1425 1096 ·

59 1136 245 1179 cantium
268 1137 393 1178 ardor
414 1145 629 1186 exureret,
650 1145 692 1179 et
712 1145 854 1180 tenera
873 1153 1014 1179 rerum
1032 1136 1203 1179 exordia
1227 1135 1420 1177 insolitus

58 1221 186 1264 vapor
210 1208 392 1249 laederet.
429 1207 587 1258 Quanti
617 1207 752 1250 fontes
771 1241 782 1257 ,
812 1207 952 1257 ssuvii,
987 1209 1103 1250 lacus
1132 1206 1308 1263 irrigant
1335 1213 1423 1247 ter-

57 1291 146 1325 ras3
179 1277 274 1333 quia
297 1292 367 1318 eas
391 1276 580 1319 internus
605 1277 777 1334 quidam
799 1277 904 1334 ignis
933 1276 1138 1334 vaporat?
1163 1277 1282 1317 Unde
1309 1275 1421 1316 enim

58 1354 129 1388 aut
151 1347 320 1389 arbores
345 1347 651 1404 germinarent,
679 1356 750 1389 aut
777 1347 988 1389 frumenta
1013 1348 1080 1388 vel
1108 1354 1195 1387 sata
1221 1359 1423 1402 prorum-

56 1425 231 1475 perent,
271 1418 336 1459 vel
370 1425 458 1459 orta
493 1426 793 1474 coquerentur,
833 1417 911 1459 nisi
949 1432 996 1459 ea
1028 1413 1213 1457 interior
1249 1428 1420 1471 quoque

57 1487 162 1544 ignis
194 1486 428 1529 animaret?
458 1487 541 1539 Qui
563 1488 689 1529 etiam
717 1489 769 1529 de
793 1487 898 1529 saxis
921 1487 1164 1543 frequenter
1187 1484 1414 1533 excutitur,

58 1565 100 1599 et
126 1559 179 1599 de
212 1557 300 1614 ipso
329 1573 462 1615 saepe,
498 1559 599 1600 dum
639 1558 830 1607 caeditur,
866 1557 979 1615 ligno
1008 1556 1134 1599 exilit.
1169 1556 1278 1613 Ergo
1309 1555 1418 1596 sicut

59 1627 291 1669 neccssaria
314 1627 419 1684 ignis
442 1635 650 1677 creatura,
677 1636 724 1670 ut
745 1628 936 1670 ordinata
958 1635 1001 1669 et
1025 1626 1219 1683 disposita
1245 1639 1419 1682 perma-

58 1704 178 1745 neat,
204 1697 381 1753 coelique
411 1698 633 1739 clementia
659 1705 866 1755 temperet
895 1712 1100 1754 aquarum
1125 1695 1307 1753 rigorem
1317 1710 1329 1742 3
1359 1693 1416 1736 ita

57 1765 184 1808 etiam
211 1781 414 1822 aquarum
448 1767 726 1808 redundantia
756 1783 842 1809 non
877 1766 1113 1824 superflua,
1152 1781 1205 1807 ne
1236 1766 1416 1806 alterum

58 1836 188 1878 altero
209 1845 544 1885 consumeretur,
571 1838 668 1893 quia
685 1837 763 1879 nisi
785 1837 1037 1879 conveniens
1057 1835 1279 1891 utriusque
1295 1848 1419 1875 men·-

59 1919 156 1948 sura
180 1905 255 1955 sit,
280 1906 388 1948 sicut
408 1906 512 1964 ignis
531 1922 680 1963 aquam
699 1907 881 1949 exsiccat
897 1939 907 1955 ,
932 1907 988 1948 ita
1011 1914 1053 1948 et
1072 1921 1178 1962 aqua
1195 1903 1417 1961 restinguit

60 1975 212 2032 ignem.
236 1977 419 2033 Ideoque
442 1979 628 2034 pondere
649 1986 691 2020 et
707 1993 904 2020 mensura
921 1977 1174 2019 examinavit
1194 1975 1416 2024 universa3

59 2054 278 2088 numerata
308 2047 420 2088 enim
453 2055 549 2089 sunt
571 2048 611 2089 ei
641 2056 683 2089 et
703 2048 911 2090 stissicidia
934 2046 1216 2105 pluviarum',
1243 2048 1352 2090 sicut
1372 2046 1414 2089 in

58 2114 166 2159 libro
182 2116 207 2158 J
210 2117 263 2158 ob
280 2117 470 2175 legimus.
489 2117 634 2160 Sciens
650 2120 715 2160 vel
729 2134 872 2160 rerum
889 2118 1053 2161 facilem
1073 2117 1286 2160 defectum
1302 2117 1391 2159 sore
1403 2149 1414 2165 ,

59 2187 126 2228 vel
157 2187 410 2229 solutionem
435 2187 718 2230 univcrsitatis
736 2222 747 2238 ,
781 2188 812 2230 si
835 2190 1013 2231 alterum
1040 2196 1342 2246 exuperaretur
1370 2186 1422 2229 ab

60 2256 190 2298 altero
205 2289 215 2306 ,
239 2256 294 2299 ita
317 2258 533 2315 utriusque
557 2259 803 2316 temperavit
825 2259 1065 2317 dispendia;
1096 2267 1143 2301 ut
1168 2273 1305 2314 neque
1326 2258 1421 2314 plus

61 2324 165 2383 ignis
193 2336 472 2384 excoqueret,
502 2344 639 2385 neque
663 2329 915 2372 exuberaret
946 2345 1052 2387 aqua
1079 2344 1088 2371 :
1116 2330 1190 2370 sed
1216 2327 1422 2370 imminu-

61 2394 119 2438 tio
135 2394 255 2439 fieret
274 2397 494 2455 utriusque
510 2400 725 2442 moderata
737 2431 749 2448 ,
774 2415 866 2456 quae
883 2409 925 2442 et
943 2399 1204 2457 superfluum
1223 2397 1421 2440 detrahe-—

59 2473 146 2514 ret,
164 2474 207 2526 et
228 2468 508 2510 necessarium
531 2478 772 2512 reservaret.
800 2471 944 2527 Itaque
963 2485 1060 2512 cum
1083 2478 1194 2512 tanta
1220 2471 1271 2511 de
1289 2468 1413 2511 terris

62 2544 284 2593 erumpant
329 2537 608 2581 maximorum
657 2539 816 2583 fluenta
858 2540 1046 2583 amnium
1062 2572 1072 2589 ,
1124 2539 1242 2583 Nilus
1284 2537 1417 2581 effuso

107 2634 116 2649 ³
141 2624 215 2659 Job.
234 2637 352 2668 xxvm,
372 2629 422 2662 25.
