1747 3260
489 282 775 309 tir-,XAEMERON.
815 282 892 308 Lm.
932 282 968 308 v.
1331 272 1411 328 189

51 370 90 403 et
109 360 411 417 aliquantulum
434 373 570 400 sermo
589 366 730 399 noster
745 366 951 414 emergat,
974 365 1096 414 atque
1116 361 1167 400 ad
1192 360 1408 416 superiora

52 447 95 473 se
124 431 338 487 subrigat:
372 437 606 486 spectemus
639 442 686 470 ea
718 443 809 484 quae
840 428 991 469 usitata
1015 429 1181 477 multis,
1215 438 1256 471 et
1288 432 1410 487 plena

51 499 133 543 sint
149 501 288 558 gratiae
301 532 312 547 ‚
332 501 543 555 quomodo
567 513 671 554 aqua
691 498 732 538 in
756 497 849 538 salis
868 505 1055 538 vertatur
1072 498 1324 540 soliditatem
1340 532 1349 546 ,
1364 510 1411 542 ut

49 571 159 614 ferro
183 585 290 628 saepe
311 571 524 616 caedatur3
550 568 664 624 quod
692 568 742 609 de
765 567 1010 608 britannicis
1034 568 1188 610 salibus
1214 570 1319 611 nihil
1336 572 1411 613 mi·¹

49 657 169 690 rum,
205 641 274 697 qui
304 641 344 681 in
381 639 562 697 speciem
597 638 817 679 marmoris
848 637 1004 686 validi,
1035 637 1224 694 ejusdcm
1252 641 1410 683 metalli

49 712 169 753 niveo
192 712 373 753 candore
396 710 685 766 resplendent,
706 708 894 749 salubres
919 708 1107 765 corporis
1125 709 1241 758 cibo,
1269 718 1310 751 et
1330 726 1409 768 po-

50 781 110 823 tui
150 780 273 822 nimis
311 780 427 837 grati.
477 779 702 830 Quomodo
743 779 869 819 ctiam
910 794 993 819 non
1039 779 1263 821 indecorus
1306 782 1410 839 lapis

51 852 268 893 corallium
286 851 327 891 in
350 850 455 891 mari
468 849 598 890 herba
616 849 687 897 sit,
708 849 795 889 siin
815 853 953 890 a'c'rcm
978 849 1268 898 transferatur,
1283 851 1324 892 in
1348 853 1409 894 la-

46 920 155 978 pidis
182 920 423 965 firmitatem
448 919 664 961 solidetur.
694 920 812 960 [jude
836 919 962 959 ctiam
986 920 1134 960 ostreis
1159 921 1411 977 pretiosissi-

46 1004 161 1031 mam
190 990 458 1046 margaritam
490 997 637 1030 natura
671 988 872 1036 infixerit,
905 991 1118 1045 quomodo
1152 1005 1244 1031 cam
1283 991 1408 1032 maris

52 1074 155 1115 aqua
186 1059 228 1100 in
259 1067 346 1100 tam
376 1058 494 1100 molli
525 1074 650 1099 carne
682 1058 932 1100 solidaverit.
967 1059 1071 1110 Quae
1106 1059 1272 1101 difficile
1301 1063 1411 1117 apud

49 1143 166 1186 reges
189 1127 474 1175 inveniuntur,
496 1143 542 1169 ca
568 1127 607 1168 in
621 1127 831 1168 littoribus
849 1128 966 1184 quasi
983 1128 1075 1169 vilia
1098 1128 1242 1184 jacent
1262 1132 1406 1187 vulgo,

49 1205 91 1239 et
114 1198 154 1238 in
182 1198 286 1239 saxis
315 1198 470 1255 asperis
491 1205 532 1239 et
559 1197 750 1238 cautibus
776 1197 1042 1255 colliguntur.
1072 1198 1261 1242 Aureum
1283 1201 1409 1243 etiam

48 1269 178 1309 vellus
197 1283 301 1324 aqua
327 1268 480 1316 nutrit,
505 1275 546 1308 et
568 1269 707 1308 lanam
731 1267 771 1308 in
795 1268 1017 1309 memorati
1041 1269 1225 1325 speciem
1247 1271 1407 1313 metalli

50 1337 225 1394 gignunt
249 1337 411 1386 littora,
444 1337 565 1393 cujus
599 1339 784 1379 colorem
816 1339 955 1379 nullus
993 1338 1131 1380 adhuc
1160 1355 1308 1381 corum
1338 1341 1410 1397 qui

46 1406 154 1449 fucis
181 1407 350 1450 diversis
379 1408 599 1449 obducunt
626 1409 776 1449 vellera
796 1441 806 1457 ‚
835 1408 988 1469 imitari
1010 1410 1142 1466 potuit
1164 1427 1176 1458 ,·
1204 1412 1307 1452 adco
1330 1427 1408 1452 na-

47 1478 394 1520 turae·n1aritimae
417 1478 592 1535 gratiam
616 1478 799 1519 humana
823 1478 997 1535 implere
1021 1480 1151 1521 nescit
1178 1480 1407 1522 industria!

47 1547 216 1590 Scimus
238 1564 316 1605 qua
345 1548 626 1589 sollicitudine
654 1549 807 1589 vellera
833 1549 974 1590 ovium
1002 1549 1128 1591 ctiam
1152 1550 1290 1593 minus
1312 1568 1410 1610 prc-

47 1617 154 1659 tiosa
183 1626 413 1659 curentur:
442 1617 525 1658 sint
552 1618 651 1658 licet
681 1617 862 1674 optima,
892 1634 1158 1675 nequaquam
1182 1628 1323 1662 tamen
1345 1621 1410 1662 his

46 1688 170 1732 fucus
201 1688 444 1730 innascitur.
481 1688 590 1730 Hinc
621 1689 821 1730 naturalis
846 1691 963 1730 color
991 1699 1077 1739 cst,
1113 1707 1236 1747 quem
1273 1694 1412 1734 nullus

49 1759 186 1800 adhuc
209 1759 330 1800 sucus
346 1758 526 1814 aequavit
547 1773 555 1799 ε
580 1758 663 1799 hoc
681 1773 848 1815 quoque
866 1759 990 1815 piscis
1008 1768 1070 1801 cst
1092 1762 1239 1802 vellus.
1268 1761 1352 1804 Sed
1369 1770 1412 1804 et

47 1830 125 1887 ipsi
148 1830 329 1871 murices
350 1829 421 1886 qui
447 1829 606 1886 insigne
629 1831 729 1871 daut
753 1829 914 1887 regium
929 1862 940 1878 ,
970 1840 1068 1872 sunt
1090 1833 1303 1875 maritImi.

101 1898 305 1942 XXXIV.
343 1899 394 1940 Et
413 1914 503 1955 quae
525 1907 745 1956 pratorum
767 1899 913 1956 gratia,
942 1902 1005 1943 vel
1026 1901 1253 1943 hortorum
1279 1918 1412 1946 amoe-

41 1969 151 2012 nitas
174 1976 312 2027 potest
339 1968 506 2011 caerulei
533 1969 660 2011 maris
688 1970 948 2027 aequiparare
976 1971 1224 2028 picturam?
1246 1973 1411 2017 Aurum

40 2039 142 2083 licet
164 2039 204 2080 in
232 2039 360 2096 pratis
386 2039 512 2080 ssores
534 2039 795 2096 refulgeant,
829 2040 920 2081 auri
946 2056 1112 2097 quoquc
1141 2042 1347 2101 fulgorem
1369 2044 1412 2086 in

41 2109 149 2152 mari
172 2110 265 2150 lana
288 2110 526 2166 resplendet
546 2124 555 2150 :
582 2117 624 2151 et
645 2109 703 2151 illi
727 2110 811 2151 cito
833 2120 1124 2161 marcescunt,
1146 2113 1221 2156 ista
1239 2114 1311 2156 diu
1331 2116 1412 2157 du-

43 2188 184 2222 ratnra
206 2188 404 2221 servatur.
434 2179 536 2221 Lilia
565 2179 607 2221 in
627 2179 760 2221 hortis
783 2180 946 2222 eminus
968 2181 1129 2231 nitent,
1158 2185 1245 2225 vela
1268 2184 1310 2226 in
1333 2199 1411 2227 na-

43 2249 189 2297 vibus3
214 2249 282 2291 hic
304 2250 432 2298 odor,
455 2249 539 2291 illic
555 2258 705 2291 ventus
724 2250 890 2307 aspirat.
918 2251 1021 2303 Quae
1044 2252 1202 2294 utilitas
1222 2253 1264 2295 in
1280 2254 1412 2298 solio?

46 2319 95 2363 In
120 2319 294 2362 navibus
317 2327 472 2377 quanta
496 2320 790 2362 commercia?
811 2320 913 2363 Lilia
943 2321 1191 2364 suavitatem
1219 2325 1412 2377 narium,

43 2390 133 2432 vela
153 2389 374 2433 hominum
390 2391 567 2432 salutem
591 2390 810 2432 invehunt.
838 2389 957 2432 Adde
979 2391 1114 2449 pisces
1133 2392 1347 2444 salientes,
1368 2405 1411 2439 et

48 2460 267 2519 delphinas
279 2450 496 2503 ludentes:
516 2462 625 2503 adde
638 2476 767 2503 rauco
785 2469 983 2503 sonantes
999 2461 1155 2504 ssuctus
1167 2479 1408 2509 murmure:

50 2530 184 2589 adjice
207 2540 422 2574 currentes
446 2546 570 2574 naves
591 2532 643 2573 ad
663 2531 803 2573 littora
819 2564 830 2581 ,
857 2533 924 2574 vel
948 2533 1000 2574 de
1022 2532 1236 2575 littoribus
1255 2549 1411 2579 exeun·

50 2608 122 2645 tes.
165 2602 217 2645 Et
247 2617 345 2645 cum
375 2617 398 2645 e
438 2601 678 2645 carceribus
710 2602 938 2645 mittuntur
974 2603 1213 2662 quadrigae,
1250 2615 1411 2663 quanto
