<?xml version="1.0" encoding="UTF-8"?>
<!DOCTYPE html PUBLIC "-//W3C//DTD XHTML 1.0 Transitional//EN"
    "http://www.w3.org/TR/xhtml1/DTD/xhtml1-transitional.dtd">
<html xmlns="http://www.w3.org/1999/xhtml" xml:lang="en" lang="en">
 <head>
  <title>
</title>
<meta http-equiv="Content-Type" content="text/html;charset=utf-8" />
  <meta name='ocr-system' content='tesseract 3.04.00' />
  <meta name='ocr-capabilities' content='ocr_page ocr_carea ocr_par ocr_line ocrx_word'/>
</head>
<body>
  <div class='ocr_page' id='page_1' title='image "./omniaequaeextant01ambruoft/omniaequaeextant01ambruoft_0470.png"; bbox 0 0 1742 3233; ppageno 0'>
   <div class='ocr_carea' id='block_1_1' title="bbox 318 268 1121 319">
    <p class='ocr_par' dir='ltr' id='par_1_1' title="bbox 318 268 1121 319">
     <span class='ocr_line' id='line_1_1' title="bbox 318 268 1121 319; baseline -0.002 -11"><span class='ocrx_word' id='word_1_1' title='bbox 318 268 406 319; x_wconf 58' lang='grc'>440</span> <span class='ocrx_word' id='word_1_2' title='bbox 862 280 894 307; x_wconf 85' lang='lat' dir='ltr'>s.</span> <span class='ocrx_word' id='word_1_3' title='bbox 933 278 1121 307; x_wconf 71' lang='lat' dir='ltr'>Amnum</span> 
     </span>
    </p>
   </div>
   <div class='ocr_carea' id='block_1_2' title="bbox 300 354 1742 1699">
    <p class='ocr_par' dir='ltr' id='par_1_2' title="bbox 300 354 1742 1699">
     <span class='ocr_line' id='line_1_2' title="bbox 368 354 1652 413; baseline -0.002 -13"><span class='ocrx_word' id='word_1_4' title='bbox 368 354 477 400; x_wconf 91' lang='lat' dir='ltr'><strong>XLI.</strong></span> <span class='ocrx_word' id='word_1_5' title='bbox 516 354 598 397; x_wconf 88' lang='lat' dir='ltr'>Sed</span> <span class='ocrx_word' id='word_1_6' title='bbox 627 355 797 397; x_wconf 83' lang='lat' dir='ltr'>fortasse</span> <span class='ocrx_word' id='word_1_7' title='bbox 828 356 923 413; x_wconf 85' lang='lat' dir='ltr'>quia</span> <span class='ocrx_word' id='word_1_8' title='bbox 946 357 1103 398; x_wconf 86' lang='lat' dir='ltr'>munda</span> <span class='ocrx_word' id='word_1_9' title='bbox 1124 363 1166 397; x_wconf 91' lang='lat' dir='ltr'>et</span> <span class='ocrx_word' id='word_1_10' title='bbox 1191 354 1407 397; x_wconf 85' lang='lat' dir='ltr'>immunda</span> <span class='ocrx_word' id='word_1_11' title='bbox 1435 354 1580 398; x_wconf 88' lang='lat' dir='ltr'>induci</span> <span class='ocrx_word' id='word_1_12' title='bbox 1609 355 1652 398; x_wconf 90' lang='lat' dir='ltr'>in</span> 
     </span>
     <span class='ocr_line' id='line_1_3' title="bbox 308 425 1661 483; baseline 0 -15"><span class='ocrx_word' id='word_1_13' title='bbox 308 441 450 468; x_wconf 85' lang='lat' dir='ltr'>arcam</span> <span class='ocrx_word' id='word_1_14' title='bbox 474 425 642 483; x_wconf 84' lang='lat' dir='ltr'>praecipi</span> <span class='ocrx_word' id='word_1_15' title='bbox 669 426 804 468; x_wconf 81' lang='lat' dir='ltr'><strong>cernis</strong></span> <span class='ocrx_word' id='word_1_16' title='bbox 831 426 1053 469; x_wconf 81' lang='lat' dir='ltr'>animantia</span> <span class='ocrx_word' id='word_1_17' title='bbox 1068 459 1078 474; x_wconf 91' lang='lat'>,</span> <span class='ocrx_word' id='word_1_18' title='bbox 1103 425 1196 481; x_wconf 87' lang='lat' dir='ltr'>jure</span> <span class='ocrx_word' id='word_1_19' title='bbox 1216 440 1387 467; x_wconf 87' lang='lat' dir='ltr'>movere</span> <span class='ocrx_word' id='word_1_20' title='bbox 1410 426 1540 482; x_wconf 84' lang='lat' dir='ltr'><strong>possit</strong></span> <span class='ocrx_word' id='word_1_21' title='bbox 1563 426 1661 482; x_wconf 86' lang='lat' dir='ltr'>quia</span> 
     </span>
     <span class='ocr_line' id='line_1_4' title="bbox 305 494 1660 552; baseline -0.001 -15"><span class='ocrx_word' id='word_1_22' title='bbox 305 496 390 537; x_wconf 83' lang='lat' dir='ltr'>dixi</span> <span class='ocrx_word' id='word_1_23' title='bbox 413 495 597 537; x_wconf 79' lang='lat' dir='ltr'><strong>honestis</strong></span> <span class='ocrx_word' id='word_1_24' title='bbox 619 495 987 552; x_wconf 80' lang='lat' dir='ltr'>disceptationibus</span> <span class='ocrx_word' id='word_1_25' title='bbox 1010 494 1226 536; x_wconf 83' lang='lat' dir='ltr'>indecoras</span> <span class='ocrx_word' id='word_1_26' title='bbox 1252 510 1337 537; x_wconf 89' lang='lat' dir='ltr'>non</span> <span class='ocrx_word' id='word_1_27' title='bbox 1362 510 1451 537; x_wconf 87' lang='lat' dir='ltr'>esse</span> <span class='ocrx_word' id='word_1_28' title='bbox 1473 495 1660 536; x_wconf 83' lang='lat' dir='ltr'>miscen-</span> 
     </span>
     <span class='ocr_line' id='line_1_5' title="bbox 309 564 1658 622; baseline 0.001 -16"><span class='ocrx_word' id='word_1_29' title='bbox 309 566 394 606; x_wconf 83' lang='lat' dir='ltr'>das.</span> <span class='ocrx_word' id='word_1_30' title='bbox 422 564 508 607; x_wconf 86' lang='lat' dir='ltr'>Nec</span> <span class='ocrx_word' id='word_1_31' title='bbox 537 580 613 622; x_wconf 84' lang='lat' dir='ltr'>ego</span> <span class='ocrx_word' id='word_1_32' title='bbox 636 566 773 606; x_wconf 87' lang='lat' dir='ltr'>abnuo</span> <span class='ocrx_word' id='word_1_33' title='bbox 802 565 1149 606; x_wconf 76' lang='lat' dir='ltr'>irrationabilium</span> <span class='ocrx_word' id='word_1_34' title='bbox 1175 565 1372 621; x_wconf 82' lang='lat' dir='ltr'>quidem,</span> <span class='ocrx_word' id='word_1_35' title='bbox 1397 566 1658 607; x_wconf 86' lang='lat' dir='ltr'>mundorum</span> 
     </span>
     <span class='ocr_line' id='line_1_6' title="bbox 309 633 1662 690; baseline 0.001 -15"><span class='ocrx_word' id='word_1_36' title='bbox 309 641 451 676; x_wconf 82' lang='lat' dir='ltr'>tamen</span> <span class='ocrx_word' id='word_1_37' title='bbox 478 643 669 676; x_wconf 87' lang='lat' dir='ltr'>motuum</span> <span class='ocrx_word' id='word_1_38' title='bbox 703 635 837 690; x_wconf 83' lang='lat' dir='ltr'>aliqua</span> <span class='ocrx_word' id='word_1_39' title='bbox 863 650 950 676; x_wconf 90' lang='lat' dir='ltr'>esse</span> <span class='ocrx_word' id='word_1_40' title='bbox 983 635 1141 675; x_wconf 88' lang='lat' dir='ltr'>semina</span> <span class='ocrx_word' id='word_1_41' title='bbox 1172 642 1214 676; x_wconf 91' lang='lat' dir='ltr'>et</span> <span class='ocrx_word' id='word_1_42' title='bbox 1243 633 1358 690; x_wconf 86' lang='lat' dir='ltr'>quasi</span> <span class='ocrx_word' id='word_1_43' title='bbox 1388 634 1594 690; x_wconf 87' lang='lat' dir='ltr'>principia</span> <span class='ocrx_word' id='word_1_44' title='bbox 1620 634 1662 676; x_wconf 90' lang='lat' dir='ltr'>in</span> 
     </span>
     <span class='ocr_line' id='line_1_7' title="bbox 311 703 1663 760; baseline -0.001 -15"><span class='ocrx_word' id='word_1_45' title='bbox 311 705 449 746; x_wconf 83' lang='lat' dir='ltr'>anima</span> <span class='ocrx_word' id='word_1_46' title='bbox 471 713 611 746; x_wconf 81' lang='lat' dir='ltr'>nostra</span> <span class='ocrx_word' id='word_1_47' title='bbox 629 736 639 751; x_wconf 90' lang='lat'>‚</span> <span class='ocrx_word' id='word_1_48' title='bbox 664 712 705 744; x_wconf 85' lang='lat' dir='ltr'>et</span> <span class='ocrx_word' id='word_1_49' title='bbox 725 719 871 744; x_wconf 88' lang='lat' dir='ltr'>eorum</span> <span class='ocrx_word' id='word_1_50' title='bbox 888 704 957 760; x_wconf 91' lang='lat' dir='ltr'>qui</span> <span class='ocrx_word' id='word_1_51' title='bbox 974 704 1120 745; x_wconf 89' lang='lat' dir='ltr'>mundi</span> <span class='ocrx_word' id='word_1_52' title='bbox 1145 718 1229 745; x_wconf 91' lang='lat' dir='ltr'>non</span> <span class='ocrx_word' id='word_1_53' title='bbox 1252 704 1344 745; x_wconf 90' lang='lat' dir='ltr'>sint.</span> <span class='ocrx_word' id='word_1_54' title='bbox 1373 703 1529 745; x_wconf 88' lang='lat' dir='ltr'>Natura</span> <span class='ocrx_word' id='word_1_55' title='bbox 1545 703 1663 745; x_wconf 87' lang='lat' dir='ltr'>enim</span> 
     </span>
     <span class='ocr_line' id='line_1_8' title="bbox 308 772 1663 830; baseline -0.001 -15"><span class='ocrx_word' id='word_1_56' title='bbox 308 774 493 816; x_wconf 88' lang='lat' dir='ltr'>hominis</span> <span class='ocrx_word' id='word_1_57' title='bbox 510 773 815 814; x_wconf 78' lang='lat' dir='ltr'>contrariorum</span> <span class='ocrx_word' id='word_1_58' title='bbox 833 788 960 830; x_wconf 85' lang='lat' dir='ltr'>capax</span> <span class='ocrx_word' id='word_1_59' title='bbox 975 782 1051 822; x_wconf 90' lang='lat' dir='ltr'>est,</span> <span class='ocrx_word' id='word_1_60' title='bbox 1070 782 1118 815; x_wconf 92' lang='lat' dir='ltr'>ut</span> <span class='ocrx_word' id='word_1_61' title='bbox 1132 781 1174 815; x_wconf 89' lang='lat' dir='ltr'>et</span> <span class='ocrx_word' id='word_1_62' title='bbox 1190 774 1356 815; x_wconf 82' lang='lat' dir='ltr'>malitiae</span> <span class='ocrx_word' id='word_1_63' title='bbox 1375 773 1417 814; x_wconf 92' lang='lat' dir='ltr'>in</span> <span class='ocrx_word' id='word_1_64' title='bbox 1439 788 1486 814; x_wconf 88' lang='lat' dir='ltr'>ea</span> <span class='ocrx_word' id='word_1_65' title='bbox 1510 773 1562 814; x_wconf 90' lang='lat' dir='ltr'>sit</span> <span class='ocrx_word' id='word_1_66' title='bbox 1583 772 1663 821; x_wconf 89' lang='lat' dir='ltr'>vis,</span> 
     </span>
     <span class='ocr_line' id='line_1_9' title="bbox 305 836 1662 899; baseline -0.001 -16"><span class='ocrx_word' id='word_1_67' title='bbox 305 836 542 884; x_wconf 33' lang='lat' dir='ltr'>et&#39;virtutis</span> <span class='ocrx_word' id='word_1_68' title='bbox 576 842 804 899; x_wconf 70' lang='lat' dir='ltr'>ingressus,-</span> <span class='ocrx_word' id='word_1_69' title='bbox 837 842 1070 898; x_wconf 82' lang='lat' dir='ltr'>meritoque</span> <span class='ocrx_word' id='word_1_70' title='bbox 1103 843 1144 883; x_wconf 85' lang='lat' dir='ltr'>iu</span> <span class='ocrx_word' id='word_1_71' title='bbox 1171 842 1375 899; x_wconf 77' lang='lat' dir='ltr'>principio</span> <span class='ocrx_word' id='word_1_72' title='bbox 1409 841 1505 883; x_wconf 88' lang='lat' dir='ltr'>libri</span> <span class='ocrx_word' id='word_1_73' title='bbox 1526 840 1662 897; x_wconf 88' lang='lat' dir='ltr'>hujus</span> 
     </span>
     <span class='ocr_line' id='line_1_10' title="bbox 300 911 1662 969; baseline 0.001 -18"><span class='ocrx_word' id='word_1_74' title='bbox 300 912 373 968; x_wconf 87' lang='lat' dir='ltr'>qui</span> <span class='ocrx_word' id='word_1_75' title='bbox 395 920 456 953; x_wconf 89' lang='lat' dir='ltr'>est</span> <span class='ocrx_word' id='word_1_76' title='bbox 473 912 665 959; x_wconf 88' lang='lat' dir='ltr'>Genesis,</span> <span class='ocrx_word' id='word_1_77' title='bbox 691 927 765 968; x_wconf 89' lang='lat' dir='ltr'>per</span> <span class='ocrx_word' id='word_1_78' title='bbox 788 912 946 953; x_wconf 85' lang='lat' dir='ltr'>arboris</span> <span class='ocrx_word' id='word_1_79' title='bbox 969 912 1155 969; x_wconf 87' lang='lat' dir='ltr'>speciem</span> <span class='ocrx_word' id='word_1_80' title='bbox 1177 912 1219 953; x_wconf 91' lang='lat' dir='ltr'>in</span> <span class='ocrx_word' id='word_1_81' title='bbox 1240 911 1420 969; x_wconf 81' lang='lat' dir='ltr'>paradisi</span> <span class='ocrx_word' id='word_1_82' title='bbox 1441 911 1584 953; x_wconf 90' lang='lat' dir='ltr'>medio</span> <span class='ocrx_word' id='word_1_83' title='bbox 1605 912 1662 953; x_wconf 86' lang='lat' dir='ltr'>le-</span> 
     </span>
     <span class='ocr_line' id='line_1_11' title="bbox 301 980 1667 1039; baseline 0 -17"><span class='ocrx_word' id='word_1_84' title='bbox 301 982 393 1039; x_wconf 79' lang='lat' dir='ltr'>gisti</span> <span class='ocrx_word' id='word_1_85' title='bbox 416 982 517 1023; x_wconf 89' lang='lat' dir='ltr'>boni</span> <span class='ocrx_word' id='word_1_86' title='bbox 544 991 585 1024; x_wconf 79' lang='lat' dir='ltr'>et</span> <span class='ocrx_word' id='word_1_87' title='bbox 609 981 708 1022; x_wconf 87' lang='lat' dir='ltr'>mali</span> <span class='ocrx_word' id='word_1_88' title='bbox 730 982 946 1023; x_wconf 86' lang='lat' dir='ltr'>scientiam</span> <span class='ocrx_word' id='word_1_89' title='bbox 967 981 995 1023; x_wconf 75' lang='lat'>².</span> <span class='ocrx_word' id='word_1_90' title='bbox 1026 982 1088 1023; x_wconf 90' lang='lat' dir='ltr'>De</span> <span class='ocrx_word' id='word_1_91' title='bbox 1109 997 1194 1038; x_wconf 90' lang='lat' dir='ltr'>quo</span> <span class='ocrx_word' id='word_1_92' title='bbox 1218 982 1330 1038; x_wconf 83' lang='lat' dir='ltr'>ligno</span> <span class='ocrx_word' id='word_1_93' title='bbox 1356 980 1539 1023; x_wconf 86' lang='lat' dir='ltr'>scientiae</span> <span class='ocrx_word' id='word_1_94' title='bbox 1561 980 1667 1022; x_wconf 87' lang='lat' dir='ltr'>boni</span> 
     </span>
     <span class='ocr_line' id='line_1_12' title="bbox 301 1051 1662 1110; baseline -0.001 -16"><span class='ocrx_word' id='word_1_95' title='bbox 301 1061 343 1094; x_wconf 89' lang='lat' dir='ltr'>et</span> <span class='ocrx_word' id='word_1_96' title='bbox 380 1053 476 1094; x_wconf 87' lang='lat' dir='ltr'>mali</span> <span class='ocrx_word' id='word_1_97' title='bbox 508 1061 765 1110; x_wconf 71' lang='lat' dir='ltr'>praeceptum</span> <span class='ocrx_word' id='word_1_98' title='bbox 797 1060 859 1094; x_wconf 91' lang='lat' dir='ltr'>est</span> <span class='ocrx_word' id='word_1_99' title='bbox 899 1067 984 1093; x_wconf 91' lang='lat' dir='ltr'>non</span> <span class='ocrx_word' id='word_1_100' title='bbox 1022 1067 1112 1093; x_wconf 89' lang='lat' dir='ltr'>esse</span> <span class='ocrx_word' id='word_1_101' title='bbox 1145 1051 1423 1109; x_wconf 82' lang='lat' dir='ltr'>gustandum3</span> <span class='ocrx_word' id='word_1_102' title='bbox 1457 1066 1510 1092; x_wconf 91' lang='lat' dir='ltr'>eo</span> <span class='ocrx_word' id='word_1_103' title='bbox 1546 1051 1662 1108; x_wconf 88' lang='lat' dir='ltr'>quod</span> 
     </span>
     <span class='ocr_line' id='line_1_13' title="bbox 307 1119 1656 1179; baseline -0.001 -16"><span class='ocrx_word' id='word_1_104' title='bbox 307 1138 426 1164; x_wconf 86' lang='lat' dir='ltr'>mens</span> <span class='ocrx_word' id='word_1_105' title='bbox 440 1131 596 1170; x_wconf 86' lang='lat' dir='ltr'>nostra,</span> <span class='ocrx_word' id='word_1_106' title='bbox 617 1123 657 1163; x_wconf 91' lang='lat' dir='ltr'>in</span> <span class='ocrx_word' id='word_1_107' title='bbox 676 1138 756 1179; x_wconf 88' lang='lat' dir='ltr'>qua</span> <span class='ocrx_word' id='word_1_108' title='bbox 774 1131 836 1164; x_wconf 86' lang='lat' dir='ltr'>est</span> <span class='ocrx_word' id='word_1_109' title='bbox 854 1121 1036 1178; x_wconf 82' lang='lat' dir='ltr'>cognitio</span> <span class='ocrx_word' id='word_1_110' title='bbox 1054 1130 1095 1163; x_wconf 88' lang='lat' dir='ltr'>et</span> <span class='ocrx_word' id='word_1_111' title='bbox 1113 1121 1328 1178; x_wconf 86' lang='lat' dir='ltr'>disciplina</span> <span class='ocrx_word' id='word_1_112' title='bbox 1342 1153 1353 1169; x_wconf 96' lang='lat'>,</span> <span class='ocrx_word' id='word_1_113' title='bbox 1376 1120 1475 1163; x_wconf 91' lang='lat' dir='ltr'>boni</span> <span class='ocrx_word' id='word_1_114' title='bbox 1495 1128 1536 1162; x_wconf 87' lang='lat' dir='ltr'>et</span> <span class='ocrx_word' id='word_1_115' title='bbox 1558 1119 1656 1161; x_wconf 87' lang='lat' dir='ltr'>mali</span> 
     </span>
     <span class='ocr_line' id='line_1_14' title="bbox 303 1191 1667 1251; baseline -0.002 -17"><span class='ocrx_word' id='word_1_116' title='bbox 303 1194 453 1251; x_wconf 82' lang='lat' dir='ltr'>recipit</span> <span class='ocrx_word' id='word_1_117' title='bbox 473 1194 700 1236; x_wconf 88' lang='lat' dir='ltr'>notionem.</span> <span class='ocrx_word' id='word_1_118' title='bbox 730 1195 875 1250; x_wconf 88' lang='lat' dir='ltr'>Itaque</span> <span class='ocrx_word' id='word_1_119' title='bbox 896 1202 1054 1235; x_wconf 62' lang='lat' dir='ltr'>naturae</span> <span class='ocrx_word' id='word_1_120' title='bbox 1078 1193 1212 1250; x_wconf 88' lang='lat' dir='ltr'>opifex</span> <span class='ocrx_word' id='word_1_121' title='bbox 1230 1192 1339 1233; x_wconf 88' lang='lat' dir='ltr'>sicut</span> <span class='ocrx_word' id='word_1_122' title='bbox 1356 1191 1407 1233; x_wconf 88' lang='lat' dir='ltr'>ad</span> <span class='ocrx_word' id='word_1_123' title='bbox 1423 1205 1667 1248; x_wconf 86' lang='lat' dir='ltr'>propagan-</span> 
     </span>
     <span class='ocr_line' id='line_1_15' title="bbox 305 1260 1666 1319; baseline -0.002 -15"><span class='ocrx_word' id='word_1_124' title='bbox 305 1263 406 1304; x_wconf 89' lang='lat' dir='ltr'>dum</span> <span class='ocrx_word' id='word_1_125' title='bbox 422 1295 432 1310; x_wconf 90' lang='lat'>,</span> <span class='ocrx_word' id='word_1_126' title='bbox 457 1264 522 1303; x_wconf 92' lang='lat' dir='ltr'>vel</span> <span class='ocrx_word' id='word_1_127' title='bbox 551 1262 676 1303; x_wconf 86' lang='lat' dir='ltr'>etiam</span> <span class='ocrx_word' id='word_1_128' title='bbox 699 1265 977 1319; x_wconf 73' lang='lat' dir='ltr'>reparandum</span> <span class='ocrx_word' id='word_1_129' title='bbox 1006 1277 1135 1319; x_wconf 84' lang='lat' dir='ltr'>genus</span> <span class='ocrx_word' id='word_1_130' title='bbox 1156 1260 1382 1303; x_wconf 81' lang='lat' dir='ltr'>animantia</span> <span class='ocrx_word' id='word_1_131' title='bbox 1409 1260 1666 1307; x_wconf 86' lang='lat' dir='ltr'>reservavit,</span> 
     </span>
     <span class='ocr_line' id='line_1_16' title="bbox 302 1329 1664 1388; baseline -0.002 -14"><span class='ocrx_word' id='word_1_132' title='bbox 302 1340 351 1374; x_wconf 89' lang='lat' dir='ltr'>ut</span> <span class='ocrx_word' id='word_1_133' title='bbox 381 1332 584 1373; x_wconf 77' lang='lat' dir='ltr'>universae</span> <span class='ocrx_word' id='word_1_134' title='bbox 614 1340 735 1373; x_wconf 81' lang='lat' dir='ltr'>terrae</span> <span class='ocrx_word' id='word_1_135' title='bbox 777 1332 1051 1373; x_wconf 83' lang='lat' dir='ltr'>animantium</span> <span class='ocrx_word' id='word_1_136' title='bbox 1092 1331 1253 1373; x_wconf 89' lang='lat' dir='ltr'>semine</span> <span class='ocrx_word' id='word_1_137' title='bbox 1284 1332 1548 1388; x_wconf 76' lang='lat' dir='ltr'>replerentur</span> <span class='ocrx_word' id='word_1_138' title='bbox 1573 1329 1664 1371; x_wconf 85' lang='lat' dir='ltr'>:ita</span> 
     </span>
     <span class='ocr_line' id='line_1_17' title="bbox 303 1400 1742 1699; baseline -0.002 -256"><span class='ocrx_word' id='word_1_139' title='bbox 303 1401 429 1443; x_wconf 88' lang='lat' dir='ltr'>etiam</span> <span class='ocrx_word' id='word_1_140' title='bbox 455 1401 642 1457; x_wconf 87' lang='lat' dir='ltr'>corporis</span> <span class='ocrx_word' id='word_1_141' title='bbox 674 1401 804 1442; x_wconf 78' lang='lat' dir='ltr'>nostri</span> <span class='ocrx_word' id='word_1_142' title='bbox 832 1409 1042 1442; x_wconf 85' lang='lat' dir='ltr'>terrenam</span> <span class='ocrx_word' id='word_1_143' title='bbox 1075 1400 1357 1442; x_wconf 83' lang='lat' dir='ltr'>substantiam</span> <span class='ocrx_word' id='word_1_144' title='bbox 1379 1414 1559 1441; x_wconf 89' lang='lat' dir='ltr'>vacuam</span> <span class='ocrx_word' id='word_1_145' title='bbox 1583 1414 1671 1440; x_wconf 91' lang='lat' dir='ltr'>non</span> <span class='ocrx_word' id='word_1_146' title='bbox 1737 1431 1742 1699; x_wconf 77' lang='grc'>1</span> 
     </span>
    </p>
   </div>
   <div class='ocr_carea' id='block_1_3' title="bbox 1726 0 1742 1355">
    <p class='ocr_par' dir='ltr' id='par_1_3' title="bbox 1726 0 1742 1355">
     <span class='ocr_line' id='line_1_18' title="bbox 1726 0 1742 1355; baseline 0 0"><span class='ocrx_word' id='word_1_147' title='bbox 1726 0 1742 1355; x_wconf 95' lang='lat' dir='ltr'> </span> 
     </span>
    </p>
   </div>
   <div class='ocr_carea' id='block_1_4' title="bbox 305 1467 1671 1947">
    <p class='ocr_par' dir='ltr' id='par_1_4' title="bbox 305 1467 1671 1947">
     <span class='ocr_line' id='line_1_19' title="bbox 305 1467 1668 1529; baseline -0.002 -17"><span class='ocrx_word' id='word_1_148' title='bbox 305 1471 466 1529; x_wconf 88' lang='lat' dir='ltr'>putavit</span> <span class='ocrx_word' id='word_1_149' title='bbox 481 1471 725 1527; x_wconf 82' lang='lat' dir='ltr'>passionum</span> <span class='ocrx_word' id='word_1_150' title='bbox 745 1467 992 1527; x_wconf 87' lang='lat' dir='ltr'>hujusmodi</span> <span class='ocrx_word' id='word_1_151' title='bbox 1018 1480 1220 1527; x_wconf 84' lang='lat' dir='ltr'>tanquam</span> <span class='ocrx_word' id='word_1_152' title='bbox 1243 1471 1558 1511; x_wconf 87' lang='lat' dir='ltr'>immundorum</span> <span class='ocrx_word' id='word_1_153' title='bbox 1577 1468 1668 1509; x_wconf 88' lang='lat' dir='ltr'>ani-</span> 
     </span>
     <span class='ocr_line' id='line_1_20' title="bbox 307 1539 1667 1597; baseline -0.002 -15"><span class='ocrx_word' id='word_1_154' title='bbox 307 1540 482 1582; x_wconf 88' lang='lat' dir='ltr'>malium</span> <span class='ocrx_word' id='word_1_155' title='bbox 510 1541 848 1597; x_wconf 82' lang='lat' dir='ltr'>relinquendam,</span> <span class='ocrx_word' id='word_1_156' title='bbox 882 1557 973 1597; x_wconf 69' lang='lat' dir='ltr'>quse</span> <span class='ocrx_word' id='word_1_157' title='bbox 1005 1556 1103 1582; x_wconf 89' lang='lat' dir='ltr'>cum</span> <span class='ocrx_word' id='word_1_158' title='bbox 1130 1540 1291 1582; x_wconf 88' lang='lat' dir='ltr'>deliciis</span> <span class='ocrx_word' id='word_1_159' title='bbox 1324 1548 1365 1582; x_wconf 90' lang='lat' dir='ltr'>et</span> <span class='ocrx_word' id='word_1_160' title='bbox 1391 1539 1553 1581; x_wconf 86' lang='lat' dir='ltr'>luxurie</span> <span class='ocrx_word' id='word_1_161' title='bbox 1571 1546 1667 1581; x_wconf 86' lang='lat' dir='ltr'>tan-</span> 
     </span>
     <span class='ocr_line' id='line_1_21' title="bbox 311 1608 1667 1668; baseline -0.002 -17"><span class='ocrx_word' id='word_1_162' title='bbox 311 1625 436 1667; x_wconf 84' lang='lat' dir='ltr'>quam</span> <span class='ocrx_word' id='word_1_163' title='bbox 465 1610 554 1651; x_wconf 81' lang='lat' dir='ltr'>vice</span> <span class='ocrx_word' id='word_1_164' title='bbox 586 1610 725 1652; x_wconf 89' lang='lat' dir='ltr'>diluvii</span> <span class='ocrx_word' id='word_1_165' title='bbox 759 1611 1063 1668; x_wconf 80' lang='lat' dir='ltr'>ingurgitatur,</span> <span class='ocrx_word' id='word_1_166' title='bbox 1087 1610 1330 1652; x_wconf 83' lang='lat' dir='ltr'>memoratis</span> <span class='ocrx_word' id='word_1_167' title='bbox 1367 1608 1547 1650; x_wconf 80' lang='lat' dir='ltr'>fluctuat</span> <span class='ocrx_word' id='word_1_168' title='bbox 1569 1623 1667 1665; x_wconf 86' lang='lat' dir='ltr'>pas-</span> 
     </span>
     <span class='ocr_line' id='line_1_22' title="bbox 314 1678 1669 1735; baseline -0.001 -14"><span class='ocrx_word' id='word_1_169' title='bbox 314 1680 511 1722; x_wconf 90' lang='lat' dir='ltr'>sionibus.</span> <span class='ocrx_word' id='word_1_170' title='bbox 542 1680 621 1721; x_wconf 88' lang='lat' dir='ltr'>Ubi</span> <span class='ocrx_word' id='word_1_171' title='bbox 644 1689 783 1734; x_wconf 68' lang='lat' dir='ltr'>autem</span> <span class='ocrx_word' id='word_1_172' title='bbox 800 1681 1024 1722; x_wconf 87' lang='lat' dir='ltr'>sobrietate</span> <span class='ocrx_word' id='word_1_173' title='bbox 1046 1689 1087 1722; x_wconf 86' lang='lat' dir='ltr'>et</span> <span class='ocrx_word' id='word_1_174' title='bbox 1110 1679 1365 1722; x_wconf 87' lang='lat' dir='ltr'>continentia</span> <span class='ocrx_word' id='word_1_175' title='bbox 1381 1678 1669 1735; x_wconf 89' lang='lat' dir='ltr'>unusquisque</span> 
     </span>
     <span class='ocr_line' id='line_1_23' title="bbox 311 1749 1671 1807; baseline -0.001 -17"><span class='ocrx_word' id='word_1_176' title='bbox 311 1749 607 1791; x_wconf 86' lang='lat' dir='ltr'>inundantium</span> <span class='ocrx_word' id='word_1_177' title='bbox 636 1751 899 1792; x_wconf 87' lang='lat' dir='ltr'>evacuaverit</span> <span class='ocrx_word' id='word_1_178' title='bbox 928 1750 1132 1792; x_wconf 75' lang='lat' dir='ltr'>diluvium</span> <span class='ocrx_word' id='word_1_179' title='bbox 1155 1749 1423 1807; x_wconf 85' lang='lat' dir='ltr'>passionum,</span> <span class='ocrx_word' id='word_1_180' title='bbox 1449 1758 1490 1791; x_wconf 88' lang='lat' dir='ltr'>et</span> <span class='ocrx_word' id='word_1_181' title='bbox 1520 1764 1671 1805; x_wconf 85' lang='lat' dir='ltr'>quam-</span> 
     </span>
     <span class='ocr_line' id='line_1_24' title="bbox 315 1818 1665 1876; baseline 0.001 -16"><span class='ocrx_word' id='word_1_182' title='bbox 315 1821 411 1861; x_wconf 86' lang='lat' dir='ltr'>dam</span> <span class='ocrx_word' id='word_1_183' title='bbox 449 1820 595 1862; x_wconf 85' lang='lat' dir='ltr'>animae</span> <span class='ocrx_word' id='word_1_184' title='bbox 624 1820 820 1862; x_wconf 83' lang='lat' dir='ltr'>retexerit</span> <span class='ocrx_word' id='word_1_185' title='bbox 851 1821 1105 1868; x_wconf 86' lang='lat' dir='ltr'>siccitatem,</span> <span class='ocrx_word' id='word_1_186' title='bbox 1129 1819 1340 1861; x_wconf 84' lang='lat' dir='ltr'>vivificare</span> <span class='ocrx_word' id='word_1_187' title='bbox 1369 1818 1515 1876; x_wconf 89' lang='lat' dir='ltr'>incipit</span> <span class='ocrx_word' id='word_1_188' title='bbox 1543 1834 1665 1862; x_wconf 90' lang='lat' dir='ltr'>suum</span> 
     </span>
     <span class='ocr_line' id='line_1_25' title="bbox 315 1889 1602 1947; baseline 0.002 -18"><span class='ocrx_word' id='word_1_189' title='bbox 315 1904 481 1946; x_wconf 90' lang='lat' dir='ltr'>corpus,</span> <span class='ocrx_word' id='word_1_190' title='bbox 505 1898 547 1930; x_wconf 90' lang='lat' dir='ltr'>et</span> <span class='ocrx_word' id='word_1_191' title='bbox 570 1890 715 1931; x_wconf 80' lang='lat' dir='ltr'>animae</span> <span class='ocrx_word' id='word_1_192' title='bbox 737 1891 979 1947; x_wconf 86' lang='lat' dir='ltr'>puritatem,</span> <span class='ocrx_word' id='word_1_193' title='bbox 1005 1890 1071 1931; x_wconf 90' lang='lat' dir='ltr'>cui</span> <span class='ocrx_word' id='word_1_194' title='bbox 1094 1890 1280 1947; x_wconf 83' lang='lat' dir='ltr'>regimen</span> <span class='ocrx_word' id='word_1_195' title='bbox 1304 1889 1505 1947; x_wconf 86' lang='lat' dir='ltr'>sapientia</span> <span class='ocrx_word' id='word_1_196' title='bbox 1527 1896 1602 1931; x_wconf 86' lang='lat' dir='ltr'>est.</span> 
     </span>
    </p>
   </div>
   <div class='ocr_carea' id='block_1_5' title="bbox 399 1988 584 2032">
    <p class='ocr_par' dir='ltr' id='par_1_5' title="bbox 399 1988 584 2032">
     <span class='ocr_line' id='line_1_26' title="bbox 399 1988 584 2032; baseline 0 -11"><span class='ocrx_word' id='word_1_197' title='bbox 399 1988 483 2021; x_wconf 76' lang='lat' dir='ltr'>Gen.</span> <span class='ocrx_word' id='word_1_198' title='bbox 516 2001 537 2028; x_wconf 72' lang='grc' dir='ltr'>ι,</span> <span class='ocrx_word' id='word_1_199' title='bbox 556 2001 584 2032; x_wconf 83' lang='lat'>9.</span> 
     </span>
    </p>
   </div>
  </div>
 </body>
</html>
