1742 3233
419 257 470 283 DE
504 254 600 283 cmx
635 255 687 282 ET
724 255 839 283 Amal..
880 257 958 282 Lm.
998 256 1039 283 11.
1321 241 1405 293 405

55 330 217 390 peccati
235 331 297 373 sit.
322 332 405 383 Qui
422 332 535 374 enim
556 332 802 373 necessitate
826 332 960 389 aliqua
982 340 1153 374 coactus
1176 333 1403 381 occiderit,

57 403 174 459 quasi
195 402 347 444 invitus
371 403 538 445 occidit.
571 404 629 444 Ea
646 418 743 445 vero
761 435 771 451 ,
790 419 882 459 quae
905 419 927 444 a
948 404 1069 446 nobis
1092 412 1215 452 sunt,
1234 419 1410 445 excusa-

58 473 215 515 tionem
231 488 315 514 non
332 473 489 514 habent
509 488 518 516 :
541 488 633 529 quae
658 482 798 515 autem
819 481 970 530 praeter
991 489 1065 515 nos
1092 482 1188 516 sunt
1204 506 1213 521 ‚
1233 488 1410 515 excusa-

59 542 157 584 bilia
196 551 302 584 sunt.
349 543 431 584 Sed
469 552 624 599 quanto
653 543 818 600 gravius
854 552 1027 600 peccato
1070 544 1158 600 ipso
1196 544 1248 584 ad
1272 543 1411 585 Deum

58 612 211 653 referre
243 614 356 668 quod
386 612 556 661 seceris,
579 622 620 654 et
641 622 780 654 reatus
808 613 867 654 tui
896 613 1093 654 invidiam
1120 612 1413 654 transfundere

59 681 101 723 in
123 689 338 723 auctorem
359 697 444 722 non
465 682 676 731 criminis,
695 684 768 724 sed
786 683 1048 724 innocentiae.

115 750 310 793 XXVIII.
354 751 570 809 Perpcnde
609 760 747 794 autem
790 753 1006 809 parricidae
1053 752 1372 810 responsionem
1399 766 1409 791 t

72 839 87 858 (t
103 821 252 864 Nescio
268 854 278 869 ,
303 821 436 877 inquit
451 855 462 871 ,
488 823 693 878 numquid
710 831 850 864 custos
865 823 1011 866 fratris.
1025 822 1107 863 mei
1120 838 1196 878 ego
1216 837 1309 863 sum
1322 821 1361 861 ¹?
1387 840 1404 860 n

60 890 146 931 Etsi
170 891 478 933 contumaciam
502 893 650 948 prodat
676 891 744 932 hic
767 907 927 940 sermo,
957 899 1075 932 sonat
1097 899 1236 931 tamen
1262 890 1357 946 quia
1382 889 1416 930 si

58 960 218 1001 bonum
247 960 417 1002 fratrem
441 962 767 1010 considerasset,
790 969 929 1002 custos
953 961 1097 1002 debuit
1119 976 1208 1001 esse
1234 959 1412 1016 pietatis.

58 1030 197 1081 Quem
213 1031 324 1071 enim
344 1032 495 1088 magis,
524 1045 650 1088 quam
681 1032 856 1084 fratrem
886 1047 1050 1072 servare
1075 1030 1307 1072 debuerat?
1331 1028 1414 1070 Sed

58 1103 269 1157 quomodo
291 1102 574 1159 germanitatis
602 1110 784 1143 servaret
806 1101 993 1143 ossicium
1009 1134 1019 1149 ,
1045 1101 1115 1157 qui
1139 1099 1419 1142 necessitudi-

58 1171 121 1212 nis
143 1186 226 1212 non
252 1171 483 1229 agnovisset
507 1171 733 1213 affectum?
749 1172 1059 1228 Autquomodo
1079 1170 1169 1212 fieri
1188 1178 1351 1227 posset,
1373 1177 1419 1211 ut

59 1248 217 1282 naturae
246 1242 529 1283 obedientiam
566 1243 770 1290 deferret,
806 1242 876 1298 qui
907 1242 995 1283 Deo
1025 1241 1414 1282 reverentiam'non

60 1310 302 1353 exhiberet?
324 1312 455 1369 Negat
480 1313 665 1370 primum
693 1312 810 1368 quasi
837 1314 949 1369 apud
971 1311 1235 1368 ignorantem
1256 1325 1265 1351 ε
1293 1325 1420 1351 recu-

61 1390 121 1423 sat
141 1382 332 1424 fraternae
355 1399 507 1424 munus
530 1383 756 1431 custodiae,
783 1382 901 1438 quasi
921 1397 1061 1423 exsors
1080 1390 1239 1422 naturae
1262 1396 1270 1421 :
1297 1380 1422 1422 decli-

60 1462 132 1495 nat
151 1454 339 1510 judicem
357 1488 367 1502 ,
387 1455 503 1510 quasi
520 1455 629 1495 liber
651 1453 823 1495 arbitrii.
849 1453 963 1503 Quid
986 1451 1149 1493 miraris
1173 1451 1204 1493 si
1223 1451 1422 1508 pietatem

61 1538 144 1564 non
173 1524 337 1581 agnovit
356 1525 597 1565 auctorem?
617 1525 670 1565 Et
691 1524 784 1564 ideo
809 1521 972 1563 doceris
995 1521 1074 1562 hac
1098 1521 1203 1562 serie
1227 1518 1423 1576 Scriptu-

62 1608 204 1634 rarum
242 1592 369 1635 fidem
405 1609 494 1635 esse
526 1593 711 1635 radicem
732 1592 936 1633 virtutum
977 1590 1181 1632 omnium.
1226 1590 1344 1630 Unde
1380 1596 1423 1630 et

62 1663 289 1720 Apostolus
321 1662 377 1705 ait
407 1679 415 1704 :
453 1681 468 1701 (ι
494 1663 605 1714 Quia
636 1664 960 1704 fundamentum
995 1669 1189 1702 nostrum
1234 1658 1424 1700 Christus

64 1752 79 1771 »
94 1732 206 1782 est²;
230 1753 245 1772 »
259 1742 301 1775 et
324 1734 529 1790 quidquid
550 1748 673 1791 supra
695 1733 776 1774 hoc
794 1732 1117 1773 fundamentum
1137 1727 1423 1774 aedificaveris,

66 1804 145 1846 hoc
174 1805 311 1846 solum
334 1805 386 1845 ad
409 1803 545 1861 operis
570 1803 628 1844 tui
652 1803 836 1844 fructum
852 1834 862 1849 ‚
892 1810 933 1843 et
960 1802 1013 1842 ad
1032 1800 1198 1842 virtutis
1220 1797 1430 1855 proficere

65 1875 322 1916 mercedem.

125 1942 286 1985 XXIX.
327 1943 520 2001 Congrue
548 1943 674 2000 igitur
704 1943 920 1999 respondit
947 1941 1151 1983 Dominus
1175 1948 1260 1981 tam
1284 1939 1428 1995 impu-

70 2015 218 2056 denter
234 2014 425 2071 neganti,
455 2013 599 2055 dicens
621 2028 629 2054 :
659 2031 674 2050 «
692 2013 782 2055 Vox
805 2011 1016 2069 sanguinis
1033 2009 1172 2052 fratris
1200 2008 1259 2049 tui
1287 2009 1339 2048 ad
1365 2021 1435 2047 me

71 2105 85 2123 »
101 2074 280 2128 (ῖΙειΙῐιειῑ-3
300 2117 310 2132 ,
335 2103 350 2124 »
373 2084 456 2126 hoc
477 2092 563 2132 est,
596 2083 681 2125 Cur
705 2084 840 2125 nescis
864 2083 937 2124 ubi
966 2089 1029 2123 est
1048 2081 1177 2122 frater
1200 2077 1329 2120 tuus?
1348 2075 1434 2117 Soli

70 2155 194 2197 eratis
211 2170 309 2196 cum
328 2155 493 2196 duobus
515 2153 761 2211 parentibus
774 2186 784 2202 ,
806 2153 915 2194 inter
933 2166 1090 2209 paucos
1107 2151 1235 2192 frater
1252 2156 1292 2189 te
1303 2149 1434 2189 latere

71 2242 156 2268 non
184 2226 341 2268 debuit.
380 2225 446 2267 An
476 2225 572 2281 quia
603 2232 798 2283 parentes
832 2223 893 2264 tui
929 2228 1195 2263 accusatores
1227 2234 1319 2260 esse
1346 2232 1433 2258 non

73 2297 272 2355 possunt?
293 2297 398 2340 Nolo
421 2296 532 2337 enim
555 2304 601 2337 ut
617 2311 665 2337 ea
686 2294 969 2341 necessitudo,
999 2306 1090 2348 quae
1112 2299 1176 2332 est
1198 2297 1345 2331 auctor
1371 2302 1437 2328 sa·-

72 2370 192 2418 lutis‚
230 2369 304 2411 fiat
334 2376 481 2410 auctor
518 2366 712 2424 periculi.
749 2367 797 2407 In
834 2373 874 2406 te
906 2365 993 2405 solo
1026 2364 1137 2420 leges
1170 2376 1264 2403 suas
1291 2366 1442 2400 natura

75 2440 270 2483 amiserit.
298 2440 396 2489 Ideo
421 2453 520 2496 ergo
545 2446 666 2496 putas
687 2437 847 2479 crimen
867 2437 1021 2482 latere,
1048 2432 1145 2490 quia
1163 2437 1359 2489 parentes
1377 2442 1443 2469 ac-

79 2527 226 2557 cusare
248 2526 334 2554 non
355 2509 540 2554 debent?
571 2509 655 2552 Sed
685 2522 735 2551 eo
764 2506 900 2564 major
921 2512 988 2548 est
1014 2500 1316 2548 condemnatio
1351 2506 1436 2542 tua.

127 2611 136 2626 ¹
160 2602 246 2636 Gen.
263 2613 307 2642 iv,
322 2613 354 2648 9.
375 2620 413 2626 -
428 2610 441 2626 ³
464 2611 476 2635 ι
495 2601 575 2635 Cor.
589 2611 640 2638 ιιι,
661 2610 708 2633 ιι.
729 2617 770 2624 -
786 2602 800 2623 3
816 2599 897 2631 Gen.
912 2608 960 2638 iv,
982 2607 1032 2631 ιο.
