1742 3233
500 295 786 323 nExAExissnon.
825 295 903 322 Lm.
942 295 997 321 vi.
1350 281 1433 338 269

79 375 277 417 nendum.
299 373 406 415 Hinc
425 373 558 430 aptior
575 388 672 414 usus
690 373 907 429 operandi,
929 372 1027 413 hine
1045 372 1255 413 scribendi
1272 374 1436 430 elegan—

80 444 154 492 tia,
177 452 219 484 et
241 443 307 484 ille
328 443 510 483 calamus
534 443 680 483 seribae
700 442 897 482 velociter
921 441 1154 489 scribentis,
1175 456 1262 497 quo
1287 442 1434 484 divinae

80 512 194 556 vocis
215 511 505 569 exprimuntur
527 513 707 552 oracula.
739 511 884 552 Manus
911 519 972 552 est
996 526 1086 566 quae
1110 511 1251 551 eibum
1276 511 1337 551 ori
1359 512 1434 552 mi-

78 583 247 624 nistrat:
273 597 419 622 manus
441 590 503 623 est
523 597 614 637 quae
636 581 846 638 praeclaris
868 581 998 622 enitet
1019 581 1155 629 saetis,
1182 597 1273 637 quse
1296 582 1437 622 conei-

77 651 213 694 liatrix
244 651 390 692 dirinae
421 659 561 707 gratiae
594 650 720 713 sacris
755 650 932 691 insertur
964 650 1179 697 altaribus,
1211 665 1284 706 per
1309 665 1436 706 quam

79 719 292 761 offerimus
309 728 350 761 et
367 720 568 760 sumimus
585 728 842 761 sacramenta
864 720 1045 761 eoelestia
1067 735 1075 761 ε
1098 735 1243 761 manus
1263 728 1325 761 est
1342 736 1435 776 quae

79 797 274 846 operatur
303 790 457 846 pariter
494 797 617 845 atque
649 790 859 846 dispensat
889 789 1025 830 divina
1063 789 1276 845 mysteria,
1315 790 1436 845 cujus

79 860 284 900 vocabulo
316 875 401 900 non
433 859 678 915 dedignatus
711 866 772 899 est
795 873 838 918 se
867 858 942 899 Dei
966 858 1093 899 Fiiius
1124 858 1348 906 declarari,
1375 858 1439 899 di-

80 938 202 970 cente
234 929 429 970 Dav-idn<
445 928 622 970 Dextera
660 928 827 969 Domini
864 928 963 969 feeit
1002 928 1198 968 virtutem
1220 960 1230 975 ,
1270 930 1438 969 dextera

84 997 281 1039 »Domini
304 998 495 1039 exaltavit
516 998 623 1039 me'.
643 1017 655 1034 υ
671 998 816 1054 Manus
841 1005 903 1038 est
925 1013 1016 1052 quae
1038 997 1135 1038 feeit
1155 998 1310 1045 onmia,
1331 998 1438 1039 sicut

83 1067 184 1108 dixit
200 1067 312 1108 Deus
330 1067 620 1123 omnipotens:
639 1085 653 1104 «
673 1067 818 1108 Nonne
836 1081 984 1107 manus
1006 1081 1099 1106 mea
1123 1066 1220 1107 feeit
1242 1066 1330 1107 haee
1353 1081 1439 1108 om-

80 1154 96 1176 »
112 1135 423 1177 nia²i³»Manus
441 1143 502 1176 est
530 1136 656 1176 totius
681 1136 867 1192 corporis
891 1137 1270 1192 propugnaculum,
1295 1136 1441 1192 eapiti5

81 1205 344 1246 defensatrix.
389 1205 492 1255 Quae
522 1220 619 1246 cum
647 1205 700 1246 sit
731 1207 824 1246 loeo
856 1205 1041 1253 inferior,
1081 1213 1213 1246 totum
1238 1206 1439 1246 verticem

81 1274 226 1321 comit,
244 1282 285 1315 et
299 1274 476 1315 honesto
494 1282 689 1315 venustat
705 1283 870 1316 ornatu.

139 1343 272 1385 LXX.
309 1344 413 1395 Quis
436 1344 559 1400 digne
581 1345 760 1401 explicet
783 1345 963 1401 pectoris
994 1354 1176 1392 cratem,
1202 1344 1442 1400 ventrisque

79 1413 325 1455 mollitiem?
342 1413 474 1454 Aliter
489 1413 599 1454 enim
618 1414 774 1455 viscera
792 1414 981 1455 molliora
995 1430 1077 1454 non
1096 1422 1267 1470 possent
1283 1413 1441 1461 foveri,

81 1491 123 1525 et
144 1483 435 1524 intestinorum
451 1483 564 1524 sinus
583 1483 695 1524 duris
712 1483 824 1524 haud
843 1484 968 1524 dubie
986 1484 1148 1524 ossibus
1167 1484 1435 1523 laederentur.

84 1553 197 1603 Quid
224 1561 307 1593 tam
330 1554 524 1600 salutare,
552 1567 676 1608 quam
705 1561 750 1593 ut
784 1554 927 1609 pulmo
961 1552 1076 1593 cordi
1103 1551 1279 1593 finitimo
1310 1550 1443 1592 limite

82 1622 353 1680 jungeretur;
374 1631 419 1663 ut
437 1637 534 1662 cum
553 1622 753 1662 exarserit
782 1637 854 1663 eor
878 1622 935 1662 ira
959 1629 1000 1663 et
1024 1621 1323 1678 indignatione,
1347 1620 1444 1676 pul-

82 1692 221 1733 monis
246 1691 448 1748 sanguine
471 1700 594 1747 atque
611 1691 788 1732 humore
808 1691 928 1732 eitius
952 1690 1239 1748 temperetur?
1260 1691 1447 1745 Ideoque

82 1760 249 1801 mollior
277 1762 420 1817 pulmo
445 1769 520 1809 est,
548 1761 644 1816 quia
668 1761 808 1801 madet
835 1776 1014 1817 semper,
1048 1760 1173 1801 simul
1195 1767 1241 1800 ut
1262 1759 1445 1816 rigorem

84 1829 378 1886 indignationis
399 1830 596 1872 emolliat.
624 1831 722 1872 Haee
747 1830 839 1872 ideo
864 1830 1043 1871 strictim
1070 1829 1373 1887 percurrimus,
1400 1835 1445 1870 ut

81 1905 282 1955 tanquam
306 1899 462 1940 indocti
486 1900 606 1941 obvia
629 1899 926 1956 perstringere,
953 1914 1037 1940 non
1060 1907 1261 1955 tanquam
1286 1897 1446 1939 medici

84 1968 249 2025 plenius
272 1969 448 2009 serutari
466 1968 681 2010 videamur
698 1976 738 2009 et
754 1968 948 2025 persequi
966 1983 1058 2025 quae
1081 1976 1239 2009 naturae
1260 1966 1447 2008 latibulis

87 2033 332 2079 abscondita
356 2047 466 2080 sunt.
768 2084 771 2086 ,
820 2046 822 2048 ’

145 2107 296 2148 LXXI.
333 2107 434 2148 Lien
448 2122 614 2164 quoque
633 2122 729 2148 eum
745 2107 886 2163 jecore
904 2108 1034 2150 habet
1051 2108 1246 2149 viciniam
1262 2107 1447 2149 fructuo-

64 2174 191 2225 ·sam,
215 2177 285 2233 qni
309 2178 409 2218 dum
433 2178 604 2218 assumit
627 2193 710 2233 quo
738 2178 825 2235 ipse
848 2186 1063 2234 pascatur,
1097 2177 1298 2234 abstergit.
1324 2176 1450 2233 quid-

84 2247 186 2304 quid
213 2247 399 2288 sordium
428 2246 774 2304 deprehenderit;
806 2255 850 2288 ut
874 2262 946 2304 per
974 2240 1101 2295 fibras
1125 2247 1282 2303 jecoris
1307 2247 1449 2287 minu-

87 2317 214 2359 tiores
261 2317 452 2358 eiborum
493 2317 652 2374 possint
701 2325 847 2359 tenues
893 2325 1017 2374 atque
1055 2317 1227 2358 subtiles
1264 2315 1453 2372 reliquiae

88 2387 280 2435 transire,
310 2401 401 2443 quae
432 2394 649 2428 vertantur
675 2386 714 2427 in
750 2386 1013 2443 sanguinem,
1047 2386 1288 2442 viribusque
1320 2383 1450 2442 proli-

90 2457 217 2513 eiant,
237 2451 375 2498 etnon
394 2471 492 2498 cum
510 2455 608 2497 fimo
627 2464 669 2497 et
687 2456 879 2497 sordibus
897 2463 1132 2513 egerantur.
1152 2455 1453 2496 Intestinorum

87 2543 186 2584 vero
216 2528 488 2585 circumplexi
511 2528 656 2577 orbes,
683 2535 726 2570 et
748 2526 838 2570 sine
863 2526 1001 2583 aliquo
1023 2526 1121 2568 licet
1146 2527 1256 2568 nodo
1284 2525 1361 2568 sihi
1386 2533 1450 2566 ta-

136 2628 145 2643 ·
167 2619 251 2652 Psal.
273 2629 373 2660 cxvii,
395 2619 441 2652 16.
462 2637 502 2643 —-
520 2629 530 2643 ⁸
550 2619 624 2652 lsai.
645 2629 731 2655 nvi.
752 2630 781 2650 2.
