1742 3233
427 285 478 310 DE
512 284 609 311 crux
642 284 696 310 ET
731 284 850 311 ABEL.
889 283 966 310 Lm.
1006 283 1032 310 1.
1328 271 1415 329 357

55 377 70 398 n
87 374 212 415 quam
240 374 388 416 magua
411 368 473 400 est
495 362 642 401 domus
664 360 853 408 Domini,
881 368 923 401 et
940 359 1084 416 iugens
1108 361 1227 402 locus
1245 377 1417 418 posses-

54 429 215 470 »siouis
238 429 352 485 ejus!
383 429 577 485 Magnus,
603 437 644 470 et
669 444 751 470 non
775 429 902 471 habet
933 427 1084 482 finem,
1114 432 1242 478 altus,
1267 439 1308 472 et
1333 432 1417 473 im·-

53 516 69 536 »
83 513 266 539 mensus.
300 498 361 539 Ibi
386 498 556 539 suerunt
580 499 766 555 gigantes
799 498 882 546 illi,
918 497 988 553 qui
1014 498 1063 539 ab
1095 498 1212 540 initio
1242 500 1419 542 suerunt

52 576 240 609 »statura
268 583 415 624 magua
432 600 442 616 ,
467 568 644 609 scientes
671 567 875 624 praelium.
906 567 997 608 Non
1027 567 1101 608 hos
1126 569 1249 624 clegit
1271 568 1419 610 Domi·

52 656 68 676 »
82 652 160 678 nus
174 637 183 657 ¹
195 656 228 679 .»
243 638 294 678 Et
304 638 453 678 merito
467 653 547 679 non
562 638 701 695 elegit,
717 637 814 694 quia
826 637 1031 695 praelium,
1050 652 1134 679 non
1148 652 1298 694 pacem
1311 637 1418 679 scie·
1464 636 1476 644 ‘

52 708 168 749 bant.
197 707 248 757 Et
272 707 364 748 ideo
395 716 441 748 tu
466 723 613 764 pacem
647 707 782 755 disce,
807 715 853 748 ut
875 706 1040 763 eligaris
1064 722 1085 748 a
1113 706 1216 748 Dee.
1253 706 1335 747 Sed
1363 721 1419 748 ne

54 776 163 818 sorte
181 777 438 833 incomptam
457 779 606 818 domus
617 777 949 834 magnitudinem
968 784 1104 833 putes9
1124 785 1166 817 et
1183 776 1415 818 diversoria

53 854 93 887 te
111 848 348 887 columnata
373 848 581 888 delectent
602 862 610 887 :
635 846 836 904 sapientia
865 845 1086 887 aedificavit
1104 846 1181 887 sibi
1211 847 1417 894 domum,

53 924 94 958 et
117 916 229 957 fulsit
252 917 465 956 columnas
483 925 655 972 septem.
684 917 776 973 Ipse
793 916 919 958 etiam
931 916 1135 957 Dominus
1157 915 1279 956 Jesus
1298 915 1412 956 mul·

54 993 114 1026 tas
141 985 378 1026 mansiones
402 987 512 1042 apud
536 986 703 1027 Patrem
725 1001 850 1027 suum
874 1000 965 1026 esse
993 993 1297 1026 commemorat
1315 984 1347 1024 ²,
1370 984 1421 1026 In

52 1053 132 1096 hac
154 1067 252 1111 ergo
273 1055 398 1096 domo
411 1055 647 1111 epulaberis
667 1056 815 1097 animae
845 1055 978 1102 eibos,
1004 1062 1214 1111 potusque
1237 1054 1420 1104 mentis;

52 1131 100 1164 ut
129 1132 271 1180 postea
296 1139 379 1165 non
417 1125 573 1166 esurias
592 1157 603 1173 ‚
639 1139 777 1181 neque
804 1124 914 1165 sitias
947 1138 1146 1179 unquam.
1184 1122 1270 1173 Qui
1302 1121 1421 1164 enim

54 1193 306 1240 manducat,
331 1194 559 1235 manducat
582 1209 716 1250 usque
743 1195 796 1236 ad
819 1193 1079 1235 satietatem:
1103 1200 1145 1234 et
1181 1192 1254 1247 qui
1284 1191 1421 1240 bibit,

52 1278 185 1319 usque
207 1264 258 1304 ad
279 1263 525 1305 ebrietatem
546 1264 671 1309 bibit.

112 1334 209 1376 XX.
249 1333 332 1375 Sed
363 1334 452 1375 haec
486 1334 666 1376 ebrie-tas
692 1333 905 1391 pudicitiae
937 1340 1076 1373 custos
1105 1339 1167 1372 est
1192 1346 1200 1371 ε
1226 1330 1295 1372 illa
1330 1328 1422 1372 vini

54 1404 234 1446 ebrietas
251 1404 380 1445 fomes
392 1405 576 1446 libidinis
590 1438 600 1453 ‚
620 1420 702 1462 quo
725 1420 802 1462 per
819 1418 963 1445 carnes
978 1410 1235 1460 vaporantur
1253 1402 1422 1442 interna

55 1475 212 1516 viscera
234 1507 244 1522 ,
280 1475 442 1516 animus
476 1475 676 1532 ignescit,
707 1474 845 1516 anima
875 1473 1078 1515 exuritur.
1113 1471 1257 1512 Saevus
1280 1469 1423 1511 crimi-

55 1559 157 1586 num
179 1544 369 1585 stimulus
393 1544 524 1586 libido
546 1552 631 1593 est,
661 1545 753 1600 q'uae
783 1558 1000 1599 nunquam
1021 1556 1193 1582 manere
1224 1539 1423 1595 quietum

56 1614 212 1670 patitur
247 1612 458 1654 affectum.
497 1614 629 1656 Nocte
659 1613 821 1662 fervet,
857 1612 923 1653 die
952 1611 1141 1659 anhelat,
1183 1611 1235 1651 de
1269 1622 1424 1650 somno

58 1684 235 1732 excitat,
256 1692 276 1725 a
300 1684 466 1741 negotio
490 1683 686 1732 abducit,
712 1698 733 1724 a
756 1682 918 1723 ratione
941 1689 1132 1729 revocat,
1162 1679 1295 1721 aufert
1314 1692 1426 1719 con-

59 1755 221 1803 silium,
247 1762 432 1796 amantes
456 1754 685 1810 inquietat,
711 1754 848 1810 lapsos
866 1751 1041 1793 inclinat
1061 1783 1071 1799 ,
1103 1750 1226 1791 castis
1248 1747 1427 1789 insidia·

59 1833 142 1873 tur,
170 1824 366 1882 potiendo
394 1824 648 1872 inflammat,
670 1838 835 1879 usuque
865 1821 1126 1864 accenditur.
1160 1819 1309 1861 Nullus
1326 1830 1430 1874 pec·

0 1924 1 1945 3
60 1895 183 1936 caudi
214 1895 392 1942 modus,
423 1901 464 1935 et
498 1893 782 1950 inexplebilis,
809 1893 1016 1934 scelerum
1048 1889 1159 1937 sitis,
1184 1888 1262 1929 nisi
1285 1894 1428 1929 morte

60 1963 237 2005 amantis
277 1962 461 2021 extingui
510 1978 596 2004 non
637 1970 788 2020 potest.
832 1960 884 2003 Et
926 1961 1020 2003 ideo
1065 1959 1120 2001 ait
1157 1957 1384 2015 Apostolus
1413 1970 1427 1996 t

70 2051 86 2071 α
102 2033 251 2090 Fugite
268 2032 586 2074 fornicationem
599 2031 632 2081 ³3
660 2050 676 2071 »
689 2039 735 2073 ut
761 2030 895 2073 veloci
916 2030 1012 2088 suga
1038 2037 1237 2085 tanquam
1255 2026 1430 2067 furiosae

60 2103 238 2144 dominae
281 2102 489 2144 declinare
527 2101 750 2149 saevitiam,
787 2109 830 2143 et
853 2108 961 2142 tetro
1001 2098 1168 2141 servitio
1197 2096 1308 2138 exire
1330 2108 1427 2152 pos-

58 2172 202 2215 simus.

119 2243 241 2284 XXI.
279 2242 382 2285 Nam
405 2242 508 2298 quid
529 2242 582 2283 de
607 2239 776 2283 avaritia
800 2239 937 2282 dicam
955 2271 966 2287 ,
988 2236 1214 2279 insatiabili
1236 2234 1433 2293 pecuniae

62 2312 312 2369 cupiditate,
335 2320 378 2353 et
399 2312 580 2368 quadam
596 2310 688 2353 aeris
704 2309 878 2353 libidine
897 2340 907 2356 ,
927 2321 1019 2363 quae
1037 2321 1119 2362 quo
1142 2306 1261 2361 plura
1279 2303 1430 2344 abstu-

5 2422 9 2434 ,
63 2382 183 2430 terit,
219 2398 268 2423 eo
296 2382 426 2439 magis
451 2381 621 2438 inopem
650 2395 740 2422 esse
764 2394 807 2421 se
832 2375 996 2420 credit?
1022 2373 1232 2417 Omnibus
1259 2370 1400 2413 invida
1419 2402 1437 2419 ,

64 2450 142 2492 sibi
169 2451 282 2500 vilis,
310 2451 351 2492 in
373 2450 547 2493 summis
570 2450 722 2493 divitiis
745 2449 865 2505 inops
881 2480 892 2497 ‚
917 2444 1072 2488 affeetu
1089 2449 1287 2484 extenuat
1311 2439 1434 2496 quod

8 2521 25 2565 s
63 2534 194 2562 censu
211 2520 408 2563 abundat.
428 2520 576 2563 Nullus
597 2518 788 2576 rapiendi
805 2517 954 2558 modus
967 2547 978 2564 ‚
1003 2512 1075 2555 ubi
1094 2513 1208 2554 nulla
1225 2521 1430 2552 mensura

112 2618 122 2632 ¹
144 2609 259 2642 Bmuc.
276 2620 324 2645 ιιι,
342 2609 450 2652 24—27.
469 2627 508 2634 —-
528 2618 540 2633 ²
560 2608 656 2640 Joan.
675 2618 746 2647 xm,
766 2617 796 2639 2.
819 2624 858 2631 -
879 2607 891 2629 ³
912 2615 923 2636 1
944 2603 1021 2636 Cor.
1040 2602 1158 2642 v1,18.
