1742 3233
1734 238 1737 257 ί

355 277 438 320 236
904 295 932 321 s.
972 295 1161 322 Asianosu
1734 290 1737 309 ¹

1734 333 1738 370 ξ

353 385 475 412 usum
496 371 690 412 medendi
707 370 1018 427 herbarumque
1037 371 1181 412 docuit
1203 371 1361 413 habere
1384 372 1607 414 notitiam?
1628 374 1711 416 Ho-
1735 383 1738 437 ζ

354 440 486 481 mines
517 455 684 489 sumus,
713 449 754 481 et
776 455 882 497 saepe
910 441 1047 498 specie
1073 440 1301 483 herbarum
1326 441 1526 490 fallimur,
1550 452 1593 485 et
1618 447 1711 500 ple·
1735 444 1739 495 ἔ

354 525 534 566 rumque
564 525 664 566 quas
698 511 883 552 salubres
906 519 1122 567 putamus,
1155 512 1296 552 noxias
1323 512 1566 569 reperimus.
1595 513 1712 564 Quo-

355 581 436 632 ties!
453 581 560 622 inter
587 582 729 621 dulces
746 582 888 637 epulas
908 581 1025 622 cibus
1044 580 1174 622 letalis
1195 581 1384 638 irrepsit,
1402 589 1444 622 et
1464 581 1573 623 inter
1596 582 1707 639 ipsas
1736 566 1740 618 i

354 650 585 691 aulicorum
602 651 798 691 excubias
816 651 1118 698 ministrorum,
1139 651 1275 692 vitalia
1294 666 1439 708 regum
1456 652 1593 693 feralis
1609 667 1707 696 esca
1736 681 1739 700 .

354 720 614 776 penetravit?
644 720 759 761 Ferae
793 721 878 760 solo
914 728 1070 761 norunt
1100 722 1229 761 odore
1258 721 1378 762 noxia
1416 729 1457 762 et
1487 722 1708 778 profutura

353 789 591 830 discernere
626 804 635 830 :
668 790 782 830 nullo
814 790 966 846 praevio
986 822 996 838 ,
1037 791 1152 830 nullo
1185 798 1481 846 praegustatore
1522 791 1740 848 carpitur,

353 859 500 906 herba,
519 873 597 899 nec
614 859 737 900 laedit.
761 858 906 901 Melior
923 859 1033 899 enim
1049 859 1243 915 magistra
1262 859 1444 899 veritatis
1462 868 1610 901 natura
1627 868 1705 901 est.

355 928 452 969 tlaec
479 928 566 969 sine
583 928 705 969 ullius
729 927 967 985 magisterio
992 928 1237 969 suavitatem
1260 927 1444 969 sanitatis
1471 929 1621 970 nostris
1644 929 1712 970 iu-

354 995 491 1039 fundit
513 998 716 1046 sensibus,
742 999 888 1039 eadem
920 998 1073 1039 doloris
1098 997 1367 1039 acerbitatem
1392 999 1514 1039 docet
1540 1013 1629 1039 esse
1649 998 1712 1039 su·
1738 983 1741 991 .

354 1067 558 1124 giendam.
582 1066 687 1108 Hinc
708 1067 789 1109 vita
808 1067 971 1108 dulcior
985 1100 995 1116 ,
1016 1066 1113 1108 hinc
1132 1082 1245 1108 mors
1264 1067 1458 1109 amarior.
1482 1068 1579 1108 Haec
1598 1082 1713 1109 com·
1739 1052 1742 1066 ⁴

356 1139 527 1178 mendat
557 1138 696 1179 loaenae
729 1138 887 1178 catulos
919 1153 1040 1185 suos,
1066 1145 1107 1178 et
1130 1136 1335 1178 immitem
1366 1136 1494 1178 seram
1519 1145 1712 1178 materno
1739 1154 1742 1190 3

356 1206 490 1248 mollit
513 1205 678 1248 affectu.
708 1206 804 1247 Haec
829 1206 989 1264 tigridis
1014 1206 1249 1263 interpellat
1272 1205 1547 1255 ferocitatem,
1574 1215 1616 1247 et
1638 1207 1715 1247 im·

354 1276 587 1330 minentem
603 1290 696 1316 eam
714 1277 862 1332 praedae
881 1276 1074 1318 reflectit.
1098 1277 1285 1332 Namque
1303 1276 1373 1317 ubi
1391 1292 1568 1318 vacuum
1584 1284 1714 1333 rapta}
1739 1284 1742 1312 ἲ

356 1346 509 1387 sobolis
526 1345 664 1387 cubile
687 1346 905 1402 repererit,
931 1346 1042 1387 illico
1066 1346 1246 1403 vestigiis
1263 1346 1440 1403 raptoris
1469 1346 1632 1386 insistit.
1658 1346 1715 1390 At
1740 1339 1742 1377 ἶ

357 1415 424 1458 ille
447 1415 635 1471 quamvis
657 1430 765 1471 equo
788 1423 932 1457 vectus
955 1415 1090 1473 fugaci
1109 1449 1118 1464 ,
1151 1416 1295 1458 videns
1326 1424 1468 1457 tamen
1490 1416 1715 1459 velocitate
1739 1393 1742 1455 i

356 1486 452 1527 serae
476 1501 518 1527 se
539 1500 658 1543 posse
679 1486 887 1543 praeverti,
913 1501 991 1527 nec
1015 1486 1218 1527 evadendi
1241 1488 1373 1527 ullum
1396 1494 1618 1543 suppetere
1636 1485 1714 1529 sibi
1740 1493 1742 1519 Ι

360 1571 480 1612 posse
496 1554 729 1596 subsidium
745 1588 755 1604 ‚
773 1556 970 1597 technam
987 1555 1231 1612 hujusmodi
1249 1556 1395 1598 fraude
1418 1557 1605 1597 molitur.
1635 1555 1716 1598 Ubi
1739 1557 1742 1605 ἶ

360 1641 403 1668 50
434 1626 679 1682 contiguum
710 1625 879 1674 viderit,
907 1625 1111 1683 sphaeram
1142 1627 1192 1666 de
1216 1626 1323 1668 vitro
1346 1626 1514 1683 projicit
1542 1641 1551 1666 :
1585 1633 1626 1666 at
1646 1625 1715 1668 illa
1739 1613 1742 1666 i

359 1696 539 1753 imagine
559 1696 623 1737 sui
644 1696 827 1744 luditur,
854 1704 896 1737 et
922 1697 1110 1737 sobolem
1132 1704 1266 1753 putat,
1295 1703 1464 1737 revocat
1485 1696 1716 1753 impetum,
1740 1710 1742 1751 ;

362 1767 557 1824 colligere
570 1766 716 1807 foetum
736 1766 988 1808 desiderans.
1006 1766 1164 1808 Rursus
1183 1766 1294 1807 inani
1311 1766 1448 1822 specie
1471 1773 1630 1807 retenta
1650 1773 1719 1806 to-
1740 1754 1742 1824 ξ

361 1837 413 1879 tis
436 1851 477 1878 se
493 1838 545 1878 ad
562 1836 1008 1894 comprehendendum
1028 1836 1211 1892 equitem
1229 1836 1387 1878 viribus
1405 1835 1557 1884 fundit,
1576 1844 1617 1876 ct
1634 1835 1718 1876 ira-
1740 1831 1742 1861 ἕ

361 1907 524 1948 cundia:
561 1907 728 1948 stimulo
771 1907 955 1948 velocior
991 1906 1165 1963 fugienti
1208 1906 1409 1947 imminet.
1452 1905 1526 1946 1110
1563 1892 1742 1946 ἰῑοιίιῑιι,1

364 1978 534 2035 sphaerae
557 1977 728 2035 objectu
752 1985 996 2033 sequentem
1021 1977 1231 2024 retardat;
1258 1990 1334 2017 nec
1359 1984 1498 2031 tamen
1524 1974 1720 2016 sedulita-

364 2057 449 2090 tem
468 2048 612 2089 matris
634 2047 836 2089 memoria
860 2046 1015 2088 fraudis
1038 2046 1222 2087 excludit
1244 2061 1252 2086 :
1273 2061 1431 2087 cassam
1456 2053 1592 2086 versat
1614 2044 1720 2084 ima-

363 2118 525 2176 ginem,
551 2126 593 2161 et
619 2119 736 2175 quasi
758 2120 961 2161 lactatura
982 2117 1106 2159 soetus
1135 2118 1300 2159 residet.
1341 2116 1409 2158 Sic
1441 2115 1603 2174 pietatis
1635 2129 1742 2166 suae·

364 2189 502 2232 studio
519 2189 709 2246 decepta,
728 2197 770 2231 et
791 2189 1017 2231 vindictam
1037 2187 1190 2229 amittit
1210 2194 1251 2228 et
1273 2186 1475 2243 sobolem.

417 2259 555 2302 XXII.
596 2260 723 2311 Quod
745 2259 866 2300 nobis
897 2258 1114 2315 Scriptura
1139 2256 1280 2305 affert,
1305 2271 1397 2312 quae
1422 2255 1546 2296 dicit:
1575 2273 1590 2292 «
1606 2252 1718 2309 Filii,

362 2330 549 2388 »diligite
581 2339 719 2388 patres
748 2338 906 2375 vestros
936 2345 944 2370 ε
971 2336 1186 2386 parentes,
1223 2327 1350 2368 nolite
1376 2327 1425 2367 ad
1453 2324 1742 2379 iracundiam.

363 2417 619 2459 »provocare
641 2400 748 2443 filios
774 2409 933 2443 vestros
961 2399 994 2448 ¹,
1021 2417 1034 2437 n
1058 2406 1206 2440 natura
1233 2397 1313 2439 hoc
1343 2395 1486 2438 bestiis
1514 2394 1718 2444 infundit,

368 2480 414 2513 ut
447 2473 608 2514 catulos
634 2470 826 2529 proprios
853 2477 1016 2518 ament,
1035 2468 1158 2511 soetus
1183 2483 1278 2509 suos
1304 2466 1488 2524 diligant.
1520 2463 1742 2507 Nesciunt

364 2540 443 2585 illae
467 2541 560 2583 odia
582 2541 818 2584 novercalia
834 2573 843 2591 ‚
863 2554 938 2585 nec
963 2546 1122 2582 mutato
1139 2537 1368 2580 concubitu
1390 2543 1582 2594 parentes
1605 2549 1626 2575 a
1651 2547 1723 2578 set-

409 2637 418 2654 ¹
438 2631 544 2664 Colos.
563 2643 614 2674 m,
633 2643 681 2665 πο.
