1747 3260
292 259 318 301 8
745 271 925 300 SANCTUS
958 272 1194 306 mmmmm,

285 345 488 398 lanensi
511 346 919 409 commendaret,
934 347 1220 416 pretiosius
1239 345 1414 396 adhuc
1438 347 1646 398 univer·

290 429 384 479 sali
431 429 675 480 Ecclesiae
726 427 927 479 donum
982 427 1328 497 praeparabat.
1382 427 1645 479 Assiduus

289 510 433 560 enini
490 509 761 560 Ambrosii
809 508 1023 559 auditor
1069 508 1251 559 aderat
1282 510 1644 577 Augustinus,

291 590 441 659 cujus
464 592 571 641 haec
593 592 645 641 in
673 590 1020 642 Confessionu
1033 611 1079 640 m
1105 590 1254 641 libris
1279 591 1439 642 verba
1463 592 1647 659 legun-

288 682 409 722 tur:
437 673 620 722 «Veni
648 671 1009 722 Mediolanum
1039 671 1104 722 ad
1137 672 1480 723 Ambrosium
1510 675 1648 742 epis-

290 771 485 822 copum
529 754 584 802 in
629 754 844 822 optimis
886 765 1072 803 notum
1114 754 1233 803 orbi
1283 765 1452 820 terrae7
1497 757 1648 823 pium

291 834 549 884 cultorem
587 846 756 894 tuum,
803 835 1049 897 Domine,
1088 834 1238 903 cujus
1278 846 1406 885 tunc
1436 836 1649 905 eloquia

289 926 504 966 strenue
541 916 915 968 ministrabant
944 916 1155 986 adipem
1188 918 1441 967 frumenti
1470 919 1567 983 tui7
1597 930 1649 970 et

288 995 522 1046 laetitiam
566 997 691 1061 olei„
728 1009 779 1047 et
804 997 1038 1048 sobriam
1068 999 1178 1048 vini
1210 999 1514 1050 ebrietatem
1548 1019 1646 1068 po-

289 1077 420 1146 pulo
456 1088 565 1127 tuo.
600 1076 684 1128 Ad
714 1096 833 1128 eum
865 1090 1039 1128 autem
1069 1078 1304 1130 ducebar
1333 1080 1427 1131 abs
1457 1092 1507 1131 te
1531 1100 1649 1133 nes-

289 1158 453 1221 ciens„
473 1169 531 1208 ut
555 1176 647 1227 per
669 1178 788 1208 eum
812 1158 877 1209 ad
901 1171 949 1209 te
969 1161 1138 1211 scieus
1153 1160 1389 1212 ducerer.
1405 1163 1650 1232 Suscepit

292 1257 374 1288 me
403 1250 620 1308 paterne
648 1240 733 1289 ille
762 1241 921 1290 homo
948 1242 1063 1303 Dei,
1088 1253 1139 1291 et
1166 1244 1650 1311 peregrinationem

290 1322 598 1371 meamsatis
617 1322 988 1391 episcopaliter
1010 1321 1249 1394 dilexit...
1271 1325 1337 1374 Et
1350 1323 1652 1376 delectabar

293 1403 550 1453 suavitate
604 1403 888 1468 sermonis7
948 1422 1256 1473 quampiam
1314 1404 1648 1472 eruditioris,

292 1484 469 1534 minus
497 1496 671 1535 tamen
702 1485 1064 1535 hilarescentis
1094 1496 1253 1554 atque
1284 1485 1650 1555 demulcentis,

295 1583 455 1634 quam
483 1565 666 1635 Fausti
693 1578 820 1631 erat7
837 1565 982 1636 quod
999 1563 1188 1617 attinet
1210 1566 1277 1617 ad
1302 1566 1516 1622 dicendi
1538 1588 1651 1620 mo·-

291 1644 419 1696 (lum
446 1665 455 1695 :
488 1658 731 1697 creterum
757 1666 934 1698 rerum
961 1649 1193 1717 ipsarum
1218 1649 1359 1699 nulla
1383 1668 1653 1719 compara-

288 1727 382 1794 tio7
404 1746 523 1778 nam
548 1729 634 1779 ille
654 1747 751 1798 per
768 1729 1083 1781 Manichaeas
1105 1730 1331 1781 fallacias
1351 1731 1651 1799 aberrabat,

291 1809 389 1860 iste
436 1822 611 1861 autem
661 1812 1007 1861 saluberrime
1062 1811 1288 1862 docebat
1334 1813 1648 1865 salutem.....

297 1892 430 1959 (Con
459 1912 549 1942 ess.
597 1893 677 1942 lib.
724 1912 773 1958 v„
802 1914 841 1943 c.
888 1893 989 1960 13.)
1024 1893 1202 1963 l'psum
1234 1894 1437 1945 felicem
1465 1914 1651 1965 quem-

292 1972 414 2024 dam
455 1975 722 2026 hominem
764 1975 1058 2026 seeundum
1089 1976 1336 2027 saeculum
1372 1978 1651 2046 opinabar,

287 2073 448 2124 quem
476 2057 549 2106 sie
572 2068 729 2108 tantae
756 2069 1040 2127 potestates
1063 2059 1403 2110 honorarent.
1428 2059 1653 2111 Coeliba·

290 2146 376 2188 tus
390 2148 565 2187 autem
588 2137 698 2207 ejus
723 2139 851 2189 mihi
875 2139 1173 2191 laboriosus
1190 2140 1493 2205 ridebatur3
1515 2141 1650 2212 quid

291 2230 469 2269 autem
499 2219 584 2269 ille
615 2221 726 2290 spei
755 2233 982 2289 gereret,
1010 2233 1058 2272 et
1086 2221 1338 2274 adversus
1367 2224 1533 2292 ipsius
1563 2242 1651 2274 ex·-

291 2300 547 2351 cellentiae
571 2313 894 2354 tentamenta
922 2303 1051 2374 quid
1083 2304 1384 2355 luctaminis
1413 2305 1648 2370 haberet,

291 2380 490 2450 quidve
527 2384 798 2435 solaminis
838 2386 892 2435 in
924 2383 1183 2450 adversis,
1213 2398 1264 2437 et
1293 2387 1560 2437 occultum
1589 2406 1648 2438 os

291 2462 425 2531 ejus,
461 2464 608 2533 quod
649 2477 758 2517 erat
798 2468 853 2517 in
894 2466 1054 2518 corde
1095 2468 1224 2537 ejus,
1265 2487 1423 2538 quam
1455 2468 1648 2537 sapida

290 2542 484 2613 gaudia
520 2545 585 2597 de
623 2566 758 2617 pane
798 2559 891 2601 tuo
922 2549 1230 2616 ruminaret,
1261 2568 1357 2600 uec
1387 2549 1648 2619 conjicere
