1742 3233
401 314 452 341 DE
485 309 698 339 PARADISO.
736 310 854 339 unna
885 311 1000 339 Laws.
1296 302 1380 361 287

32 390 223 439 »Elisaeo,
242 389 312 447 qui
328 404 403 447 per
424 388 553 431 fidem
574 388 817 430 devicerunt
830 402 974 445 regna,
1001 388 1160 445 operati
1181 399 1277 432 sunt
1292 390 1382 447 jus-

32 461 194 503 »titiam
214 492 225 509 ‚
261 467 542 517 perceperunt
577 457 942 516 repromissiones,
976 459 1275 502 obstruxerunt
1311 476 1382 504 ora

32 532 232 575 »leonum
249 562 260 578 ,
283 530 548 572 extinxerunt
576 529 775 571 virtutem
804 528 910 586 ignis
925 561 935 577 ,
964 528 1253 587 effugaverunt
1278 532 1384 576 acies

31 601 198 660 »gladii,
222 601 469 643 evaluerunt
490 600 542 640 de
564 597 821 647 infirmitate,
843 598 970 640 fortes
992 598 1163 641 fuerunt
1185 600 1228 641 in
1253 601 1381 652 bello,

31 679 195 714 »castra
217 677 436 727 coeperunt
463 676 704 710 exterorum
724 667 754 710 ¹.
791 686 806 707 »
841 667 933 710 Non
956 668 1165 711 immerito
1194 669 1319 726 igitur
1343 672 1384 713 in

32 740 95 782 his
117 739 275 797 species
302 737 558 781 fortitudinis
585 745 659 779 est.
689 754 705 775 «
726 736 839 779 Secti
870 738 983 780 enim
1007 747 1127 789 sunt,
1152 739 1259 782 sicut
1280 740 1385 784 infra

32 809 206 858 »habes,
227 809 391 856 tentati,
415 807 457 849 in
477 806 732 849 mactatione
743 807 1050 863 gladiimortui.
1070 808 1385 853 Circumierunt

33 880 105 922 »in
126 880 304 937 caprinis
325 879 528 937 peUibuS,
546 885 738 935 egentes,
764 878 1008 934 angustiati,
1032 887 1074 920 et
1091 880 1305 923 doloribus
1328 880 1389 923 af·-

31 949 186 998 »ssicti,
215 964 394 1005 quorum
416 947 574 990 meritis
597 962 681 989 non
702 955 792 989 erat
815 947 962 1004 dignus
985 948 1110 990 orbis.
1138 949 1186 990 In
1203 950 1389 992 solitudi-

32 1037 49 1059 »
61 1019 186 1062 nibus
206 1027 408 1066 errantes,
427 1018 470 1059 in
488 1017 776 1066 montibus,‚in
794 1018 1018 1073 speluncis,
1039 1027 1081 1059 et
1098 1019 1140 1059 in
1152 1019 1279 1061 foveis
1298 1028 1385 1062 ter—

32 1102 88 1130 rae
104 1086 135 1130 ².
153 1105 169 1126 n
182 1088 311 1131 Recte
331 1087 458 1144 igitur
480 1087 522 1128 in
543 1086 607 1128 his
622 1075 811 1143 *speeiem
835 1086 1089 1129 fortitudinis
1111 1089 1379 1131 collocamus.

91 1157 232 1203 XXII.
270 1158 514 1201 Secundum
542 1166 681 1198 autem
709 1156 983 1213 Evangelium
1015 1157 1138 1214 digna
1168 1168 1230 1202 est
1254 1159 1387 1217 figura

32 1228 226 1286 justitiae3
245 1228 341 1285 quia
355 1228 487 1270 virtus
510 1235 572 1269 est
590 1226 633 1268 in
650 1227 827 1268 salutem
844 1227 958 1269 omni
976 1229 1176 1271 credenti.
1197 1230 1389 1287 Denique

33 1298 120 1356 ipse
141 1299 345 1341 Dominus
374 1298 456 1340 ait:
492 1314 507 1336 α
536 1297 636 1339 Sine
661 1298 790 1339 modo
809 1314 820 1346 3
846 1296 902 1338 sic
927 1298 1040 1339 enim
1066 1300 1189 1341 decet
1212 1315 1288 1342 nos
1313 1301 1390 1343 ima

33 1370 178 1426 »plere
203 1383 373 1410 omnem
395 1366 599 1424 justitiam
617 1365 629 1387 ³
654 1382 662 1408 :
689 1385 704 1405 n
736 1381 828 1423 quae
853 1367 1023 1423 quidem
1045 1384 1194 1426 parens
1218 1379 1390 1412 caetera—

33 1453 129 1480 rum
149 1447 212 1481 est
230 1438 425 1480 soecunda
445 1438 660 1479 virtutum.
689 1437 736 1478 In
755 1452 837 1494 quo
856 1439 1044 1494 quamvis
1062 1439 1197 1496 aliqua
1218 1440 1386 1490 harum,

33 1523 137 1565 quas
164 1508 367 1556 diximus,
393 1507 633 1565 principalis
662 1515 724 1548 est
746 1506 898 1556 virtus3
927 1507 969 1549 in
996 1523 1045 1550 eo
1076 1510 1202 1552 etiam
1231 1520 1391 1553 caeterae

32 1585 184 1635 praesto
202 1585 324 1626 sunt;
344 1577 439 1633 quia
456 1577 554 1634 ipsae
572 1576 649 1618 sibi
671 1585 768 1618 sunt
784 1592 981 1619 connexae
999 1588 1292 1637 concretaeque
1310 1582 1393 1623 vir-

34 1647 158 1690 tutes.
181 1647 287 1690 Nam
303 1647 448 1704 utique
471 1647 579 1689 Abel
598 1646 736 1702 justus
749 1679 758 1695 ,
776 1656 818 1689 et
833 1646 1084 1691 fortissimus
1105 1665 1152 1691 ac
1174 1651 1392 1707 patientis-

35 1718 165 1760 simus
186 1719 422 1768 Abraham,
445 1727 486 1761 et
501 1718 817 1776 prudentissimi
834 1719 1053 1777 Prophetae
1076 1736 1084 1762 :
1105 1721 1269 1778 Moyses
1293 1738 1392 1764 vero

34 1789 224 1831 eruditus
246 1790 288 1831 in
313 1790 429 1832 omni
451 1789 651 1847 sapientia
676 1790 969 1847 AEgyptiorum
984 1823 994 1840 ,
1020 1791 1225 1848 majorem
1246 1792 1395 1835 hones-

34 1865 166 1901 tatem
189 1860 408 1903 aestimavit
429 1859 599 1918 AEgypti
622 1859 827 1902 thesauris
849 1861 1126 1918 opprobrium
1146 1861 1314 1904 Christi.
1342 1863 1394 1906 Et

0 1959 1 1964 ,
39 1929 131 1985 quis
148 1930 373 1988 sapientior
395 1946 521 1988 quam
536 1931 686 1973 Daniel
703 1930 720 1971 Ξ)
741 1930 941 1973 Salomon
961 1946 1130 1988 quoque
1146 1932 1394 1989 sapientiam

34 2001 247 2058 poposcit,
265 2011 308 2045 et
327 2002 494 2046 meruit.
520 2003 692 2046 Dictum
713 2012 776 2046 est
796 2019 895 2062 ergo
920 2005 972 2047 de
989 2012 1169 2062 quatuor
1191 2005 1396 2047 virtutum

45 2089 316 2138 fluminibus,
344 2101 524 2145 quorum
546 2094 670 2143 potus
696 2094 758 2127 est
780 2085 904 2128 utilis.
940 2085 994 2127 Et
1021 2087 1117 2143 quia
1142 2086 1297 2130 Phison
1325 2103 1394 2130 au*

43 2172 141 2206 rum
165 2161 328 2204 bonum
347 2168 485 2207 terrae,
504 2166 546 2199 et
565 2157 871 2199 carbunculum
884 2189 895 2205 ,
919 2164 962 2198 et
982 2157 1165 2214 lapidem
1186 2158 1402 2216 prasinum

45 2225 203 2275 habere
226 2231 363 2274 dictus
384 2237 462 2278 est,
485 2228 567 2270 hoc
588 2242 755 2284 quoque
776 2228 898 2285 (st-ile
917 2227 969 2270 sit
990 2229 1317 2273 consideremus.

59 2309 64 2314 '
102 2302 263 2348 XXIII.
301 2300 479 2344 Videtur
512 2297 625 2340 enim
661 2297 782 2340 nobis
818 2305 1021 2355 tanquam
1059 2315 1208 2342 aurum
1242 2302 1404 2344 bonum

45 2366 180 2423 Eum,
199 2372 272 2430 qui
292 2371 522 2429 prudenter
555 2368 633 2410 Dei
654 2383 810 2410 nomen
834 2368 941 2410 scire
967 2370 1228 2414 desideravit.
1256 2372 1403 2416 Enoch

49 2434 204 2492 autem,
227 2441 297 2499 qui
313 2440 538 2483 translatus
553 2446 635 2485 est,
657 2446 699 2480 et
719 2446 900 2480 mortem
920 2453 1005 2480 non
1028 2440 1144 2488 vidit,
1165 2441 1405 2484 carbuncu-

47 2514 113 2558 lus
129 2512 301 2569 quidam
317 2518 380 2553 est
394 2509 498 2566 lapis
516 2508 618 2551 boni
639 2508 779 2551 odoris
793 2541 803 2556 ,
826 2524 952 2565 quem
972 2511 1169 2567 operibus
1187 2513 1270 2555 suis
1290 2528 1405 2556 sanc-

49 2581 116 2626 fus
135 2581 286 2625 Enoch
314 2580 409 2624 Deo‘
428 2578 599 2627 detulit,
625 2578 801 2636 gratiam
830 2577 1058 2635 quamdam
1079 2579 1223 2633 factis,
1248 2590 1291 2628 et
1319 2598 1413 2629 mo-

92 2681 111 2699 ·
130 2674 236 2709 Hehr.
254 2684 303 2714 xi,
317 2671 432 2710 52-54.
444 2690 484 2698 -
500 2678 515 2696 ²
536 2670 626 2706 lbid.
645 2672 699 2714 37,
712 2671 764 2705 58.
785 2689 826 2698 —·
841 2674 856 2698 ³
872 2672 994 2710 Matth.
1012 2684 1064 2712 111,
1084 2675 1133 2707 15.
