1742 3233
323 250 405 299 412
535 264 565 289 S.
606 261 794 294 AMBROSII
827 262 879 290 DE
914 262 1010 290 CAIN
1044 262 1096 290 ET
1132 263 1248 289 ABEL.
1286 263 1363 290 LIB.
1403 263 1446 290 11.

322 347 558 385 servarent,
577 340 649 380 sed
665 338 804 380 statim
827 354 917 381 roos
934 339 1136 396 supplicio
1159 341 1319 382 darent.
1346 339 1503 381 Divinae
1527 348 1665 381 autem

325 410 538 451 sententiae
560 408 817 466 providentia
841 409 1082 465 hujusmodi
1109 418 1191 458 est,
1216 418 1264 451 ut
1283 409 1668 466 magnanimitatem

324 488 364 521 et
386 479 628 536 patientiam
660 479 830 520 doceret
859 479 1042 535 judices;
1067 495 1120 520 ne
1138 479 1229 535 quis
1257 494 1521 536 praepropere
1546 494 1669 535 rape-

325 559 440 591 retur
466 550 602 591 studio
624 549 841 597 vindictae‚
866 558 906 591 et
932 550 1017 607 ipsa
1041 550 1348 591 deliberationis
1369 548 1667 591 immaturitate

326 620 493 678 puniret
518 620 732 660 innoxium
748 653 757 667 ,
779 628 849 661 aut
866 635 1031 676 poenam
1057 621 1273 661 acerbaret
1295 619 1386 660 irati
1406 634 1414 660 ε
1435 634 1513 660 nee
1531 627 1670 660 tamen

323 689 488 747 penitus
511 689 690 729 inultum
714 703 801 729 esse
824 697 1035 745 pateretur
1056 689 1097 730 in
1119 705 1191 737 co,
1211 689 1282 745 qui
1299 690 1455 730 nullam
1474 687 1673 745 poenitcn-

326 759 425 800 tiam
456 758 620 799 sceleris
644 758 856 799 induisset.
888 759 1055 815 Repulit
1080 761 1193 801 enim
1217 774 1313 800 eum
1336 774 1356 799 a
1380 758 1483 799 facie
1508 772 1602 804 sua,
1631 764 1673 798 et

325 844 343 869 a
365 828 606 885 parentibus
630 827 870 869 abdicatum
894 836 1091 885 separata}
1119 828 1385 870 habitationis
1403 828 1584 883 quodam
1605 841 1669 866 re-

323 897 473 954 legavit
490 897 635 945 cxilio3
655 912 703 938 eo
722 899 836 953 quod
854 897 903 938 ab
919 897 1102 938 humana
1124 897 1444 939 mansuetudine
1463 895 1673 937 transisset

327 967 378 1008 ad
400 967 595 1008 saevitiam
612 967 852 1008 bestiarum.
880 966 1179 1009 Verumtamen
1203 982 1287 1008 non
1308 965 1565 1007 homicidam
1587 965 1674 1005 vin-

327 1037 472 1084 dicari,
487 1037 558 1093 qui
576 1039 733 1078 mavult
747 1037 980 1094 peccatoris
991 1037 1311 1084 correctionem,
1331 1051 1457 1092 quam
1473 1043 1666 1076 mortem.

328 1109 445 1150 Unde
471 1108 512 1149 in
540 1108 724 1150 Lamech
753 1107 986 1164 septuagies
1014 1107 1163 1164 septies
1185 1107 1443 1154 vindicatum
1469 1105 1564 1161 quia
1587 1120 1675 1162 gra-

326 1178 415 1219 vior
438 1179 559 1234 culpa
576 1176 666 1232 ojus
684 1185 765 1225 est,
791 1178 861 1233 qui
885 1193 961 1218 nec
977 1185 1072 1234 post
1095 1176 1406 1218 damnationem
1431 1191 1473 1217 se
1494 1176 1675 1217 correxit

326 1247 506 1288 alterius.
528 1246 630 1287 Cain
647 1246 804 1303 impetu
823 1249 1006 1302 quodam
1027 1247 1259 1304 improvido
1279 1255 1374 1288 ante
1395 1253 1642 1303 peccaverat
1661 1260 1672 1285 ε

326 1315 509 1358 Lamech
535 1316 678 1372 utique
703 1316 814 1371 quod
849 1316 890 1357 in
919 1318 1047 1358 altero
1081 1317 1381 1373 reprehensum
1415 1317 1673 1362 adverterat,

327 1403 473 1429 cavere
503 1388 716 1429 debuerat.
747 1388 831 1428 Suo
863 1387 1016 1444 quippe
1047 1387 1177 1443 jud1ci
1199 1386 1403 1428 sententia
1426 1386 1673 1433 debebatur,

323 1473 374 1498 no
392 1457 482 1513 quis
499 1457 651 1514 passim
673 1472 793 1498 reum
810 1473 899 1498 esse
923 1457 1158 1498 feriendum
1175 1464 1357 1514 putaret.
1375 1456 1427 1497 Et
1443 1463 1491 1496 ut
1508 1456 1677 1511 admys-

327 1526 478 1567 terium
500 1526 664 1574 venias,
691 1542 775 1568 non
799 1527 945 1568 debuit
967 1527 1207 1568 interimere
1233 1542 1352 1574 eum,
1377 1525 1449 1582 qui
1471 1540 1601 1581 usque
1627 1525 1678 1565 ad

326 1598 560 1638 naturalem
582 1597 808 1638 terminum
831 1597 976 1639 mortis
998 1612 1081 1658 suae
1103 1597 1271 1654 agendae
1293 1595 1477 1637 habebat
1498 1594 1676 1651 spatium

327 1668 595 1725 poenitentiae.
623 1669 832 1710 Excusare
869 1677 1009 1726 posset
1031 1670 1144 1725 quod
1165 1683 1208 1710 se
1229 1666 1474 1710 redemisset
1503 1666 1568 1707 vel
1589 1679 1677 1706 sera

329 1738 493 1780 actione
513 1738 769 1796 poenitentiae
784 1772 796 1789 ,
819 1739 896 1782 nisi
919 1755 1016 1782 eum
1043 1746 1434 1797 praematurapoena
1457 1734 1672 1792 rapuisset.

1734 2014 1742 2234 >..——„--.-.....=‚.
1735 1985 1740 2006 a..
1735 1791 1742 1975 *qv—..wa
1736 1440 1742 1780 -ν--ᾷ--ῄψ-ηῂ,
1736 1391 1742 1429 --ν
1737 1361 1742 1380 .-
1737 1336 1742 1350 ».

1733 2307 1742 2508 .„...-.-,1-.„—‚,-.v
1735 2269 1740 2290 A-
1734 2240 1739 2251 -
