1742 3233
269 270 355 311 ’228
813 281 843 308 S.
884 282 1074 309 Aimnosu

265 360 497 402 »Dominus
518 392 527 407 ,
561 367 602 400 et
631 359 672 399 in
701 358 849 399 diebus
886 358 1005 399 samis
1036 358 1338 400 saturabuntur
1369 358 1399 400 ¹.
1433 377 1448 398 υ
1489 357 1624 401 Multo

265 430 484 488 pulchrius
507 438 567 471 est
587 429 845 470 hordeaceos
869 441 996 483 panes
1018 442 1102 467 non
1123 427 1397 475 erubescere,
1423 435 1464 468 et
1493 442 1625 484 appo-

263 515 365 541 nere
389 501 503 555 quod
532 499 707 545 habeas,
743 512 868 553 quam
897 512 1063 553 negarm
1089 496 1282 545 Elisaeus,
1308 497 1378 553 qui
1412 497 1490 538 sibi
1518 497 1624 540 nihil

261 570 452 627 reliquit,
474 569 636 627 populis
661 567 896 609 abundavit.
921 567 1090 608 Elisaeus
1108 582 1205 623 ergo
1218 567 1474 609 hordeaceos
1497 583 1624 624 panes

265 655 351 681 nou
375 639 542 680 erubuit
559 652 791 695 apponere,
816 652 901 677 non
925 637 1214 677 erubescimus
1232 636 1442 693 simplices
1470 636 1627 678 intelli—

266 725 362 766 gere
386 717 596 750 creaturas
612 740 621 755 ,
652 722 744 762 quae
761 706 1022 763 simplicibus
1045 715 1086 747 et
1112 707 1195 748 suis
1216 707 1485 748 declarantur
1506 721 1629 747 voca-

266 780 404 821 bulis?
419 780 582 821 Coelum
596 779 789 835 legimus,
804 779 956 819 eoelum
971 777 1246 834 accipiamus:
1264 785 1418 818 terram
1431 777 1626 834 legimus,

254 858 417 891 ‘terram
441 849 721 905 intelligamus
739 847 992 903 frugiferam.

322 919 409 963 VII.
448 920 562 970 Quid
579 919 681 959 mihi
699 933 886 974 quaerere
904 932 994 973 quae
1012 917 1061 957 sit
1079 916 1170 972 ejus
1188 932 1385 958 mensura
1407 917 1625 966 circuitus,

266 1008 392 1049 quam
436 997 658 1047 geometrae
701 995 872 1028 centum
915 987 1127 1042 octoginta
1165 986 1350 1027 millibus
1391 986 1623 1028 stadiorum

253 1060 608 1105 aestimaveruntP
640 1059 838 1101 Libenter
868 1058 998 1098 fateor
1025 1073 1091 1098 me
1121 1057 1281 1098 nescire
1316 1058 1429 1113 quod
1451 1057 1591 1099 nescio
1613 1091 1624 1106 ,

263 1134 348 1175 imo
367 1133 479 1188 quod
505 1131 611 1172 scire
639 1129 742 1170 nihil
758 1129 958 1186 proderit.
981 1128 1128 1169 Melius
1157 1137 1219 1170 est
1240 1144 1394 1184 genera
1419 1136 1628 1170 terrarum

266 1205 370 1246 scire
388 1218 513 1259 quam
535 1201 662 1258 spatia
679 1233 689 1248 ,
715 1215 806 1256 quae
829 1200 1084 1241 circumfuso
1107 1199 1239 1248 mari,
1266 1199 1497 1255 interjectis
1519 1200 1627 1241 Bar·

262 1274 463 1315 barorum
487 1271 750 1327 regionibus,
771 1270 926 1310 suffusa
954 1278 1077 1325 atque
1096 1270 1201 1310 invia
1220 1270 1442 1326 paludibus
1465 1271 1597 1311 humo
1612 1303 1623 1319 ,
1678 1311 1681 1314 Α

250 1342 620 1401 'quemadmodum
644 1355 865 1396 possumus
889 1340 1272 1396 comprehendere3
1298 1342 1412 1396 quod
1429 1340 1628 1397 impossir

261 1414 345 1456 bile
373 1429 461 1455 csse
487 1411 728 1453 hominibus
751 1409 966 1465 Scriptura
996 1411 1278 1458 demonstrat,
1306 1410 1474 1451 dicente
1500 1410 1589 1451 Deo
1612 1426 1621 1451 :

272 1484 405 1535 «Quis
427 1497 595 1524 mensus
619 1488 680 1522 est
697 1495 824 1520 manu
845 1494 1009 1535 aquam,
1031 1487 1071 1520 et
1095 1481 1249 1520 coelum
1274 1481 1434 1536 palmo,
1460 1488 1501 1521 et
1524 1480 1620 1521 uni-

250 1571 280 1594 ἰ
293 1567 455 1594 versam
478 1559 633 1593 terram
653 1551 793 1590 clausa
810 1564 936 1590 manu
953 1548 969 1589 Ρ
987 1549 1090 1599 Quis
1106 1549 1248 1590 statuit
1264 1558 1430 1590 montes
1443 1549 1484 1590 in
1501 1549 1623 1598 libra,

262 1642 278 1663 »
294 1632 334 1665 et
358 1638 480 1680 rupes
506 1622 545 1662 in
570 1628 721 1662 statera
736 1651 745 1666 ‚
766 1627 806 1660 et
828 1633 1001 1659 nemora
1020 1617 1060 1658 in
1079 1617 1203 1675 jugo2
1221 1618 1237 1659 P
1258 1637 1273 1656 »
1294 1619 1345 1660 Et
1366 1619 1492 1660 infra:
1510 1637 1525 1656 «
1543 1619 1627 1670 Qui

263 1701 411 1736 »tenet
442 1706 592 1750 gyrum
623 1698 769 1735 terrae,
800 1696 837 1729 et
868 1687 1103 1728 habitantes
1135 1688 1175 1728 in
1200 1703 1246 1728 ea
1280 1688 1387 1729 sicut
1411 1689 1623 1730 locustas:

249 1765 366 1821 ·»qui
394 1762 537 1805 statuit
567 1761 721 1802 coelum
743 1766 789 1799 ut
812 1773 1021 1799 cameram
1046 1756 1074 1799 ³.
1104 1776 1118 1795 »
1149 1758 1253 1808 Quis
1279 1757 1404 1814 igitur
1424 1759 1628 1814 aequalem

268 1835 344 1878 sibi
370 1849 467 1875 cum
494 1832 582 1873 Deo
610 1837 860 1887 potestatem
889 1837 929 1868 et
961 1828 1177 1868 scientiam
1207 1830 1355 1869 audeat
1383 1829 1594 1870 vindicare
1615 1861 1626 1877 ‚

266 1915 313 1947 ut
338 1921 428 1961 quae
451 1904 562 1944 Deus
583 1899 813 1956 majestatis
837 1914 919 1939 suae
947 1914 1036 1939 esse
1055 1898 1224 1955 proprio
1242 1898 1416 1954 signavit
1438 1900 1626 1946 oraculo,

268 1977 357 2019 haec
377 1974 454 2015 sihi
472 1973 602 2014 homo
621 1971 671 2011 ad
690 1968 972 2025 cognitionem
992 1977 1214 2025 suppetere
1232 1983 1352 2025 posse
1375 1968 1628 2024 praesumat?

328 2045 436 2087 VIII.
470 2042 599 2091 ,Certe
633 2041 794 2096 Moyses
832 2037 1021 2079 eruditus
1058 2046 1145 2078 erat
1191 2038 1231 2078 in
1274 2037 1389 2078 omni
1427 2038 1627 2095 sapientia

269 2115 562 2174 AEgyptiorum
584 2127 591 2152 :
619 2112 691 2152 sed
713 2109 808 2166 quia
831 2107 1022 2166 spiritum
1044 2108 1119 2148 Dei
1143 2107 1320 2164 accepit,
1341 2108 1457 2163 quasi
1479 2108 1630 2150 minis-

268 2197 334 2229 ter
354 2185 429 2228 Dei
456 2184 622 2225 inanem
645 2180 759 2221 illam
783 2187 824 2220 et
847 2178 1152 2235 usurpatoriam
1177 2178 1450 2235 philosophife
1475 2179 1628 2220 doctri-

266 2273 367 2300 nam
389 2253 571 2296 veritatis
589 2250 741 2292 rationi
761 2249 1003 2307 posthabuit
1024 2264 1032 2289 :
1053 2257 1094 2290 et
1111 2264 1158 2290 ea
1176 2248 1395 2306 descripsit
1412 2249 1515 2290 mihi
1534 2264 1627 2306 qua:

270 2335 421 2370 nostrce
435 2323 521 2381 spei
535 2322 807 2364 accommoda
819 2319 1036 2376 judicavit,
1053 2320 1163 2376 quod
1175 2328 1327 2360 terram
1338 2319 1483 2361 fecerit
1494 2319 1625 2369 Deus,

270 2398 384 2454 quod
412 2392 657 2453 produxerit
681 2399 787 2433 terra
812 2390 925 2446 juxta
951 2390 1024 2431 Dei
1047 2390 1344 2447 omnipotentis
1368 2390 1592 2447 imperium
1613 2423 1627 2439 ‚

251 2465 639 2524 operationemque
659 2460 829 2503 Domini
844 2459 944 2501 Jesu
967 2459 1141 2516 virgulta
1162 2460 1213 2500 de
1235 2459 1373 2507 terris,
1396 2467 1437 2501 et
1454 2474 1626 2502 omnem

250 2536 455 2578 animam
483 2533 694 2574 viventem
731 2530 963 2571 secundum
992 2544 1135 2586 genus.
1173 2529 1227 2570 At
1254 2543 1337 2570 non
1367 2528 1434 2571 ille
1464 2529 1628 2587 putavit

314 2636 323 2653 ¹
345 2627 610 2667 Psat.xxxv1,17
627 2628 658 2655 et
675 2635 705 2666 9.
726 2635 764 2646 -·
781 2631 792 2645 ’
817 2621 891 2656 lsai.
909 2632 959 2657 xa„
978 2631 1028 2652 12.
1043 2639 1082 2644 —
1102 2621 1115 2643 ⁸
1137 2619 1219 2652 lbid.
1243 2630 1295 2652 υ.
