1742 3233
328 327 379 355 DE
412 327 490 355 Non
525 325 576 352 ET
612 320 732 352 AacA.
772 324 890 352 mmm
923 325 1036 353 UNUS.
1277 314 1356 362 451

14 404 198 460 quinque
220 416 363 444 sensus
386 402 594 459 triplicem
615 400 906 443 collectionem
933 401 1145 451 habeant3
1173 416 1223 443 co
1248 404 1365 459 quod

13 473 124 515 visus
143 472 304 513 visibile
325 472 438 514 videt
452 504 463 520 ,
495 480 539 513 et
559 471 723 514 auditus
747 470 930 515 audibile
951 472 1082 520 audit,
1105 479 1148 515 et
1169 474 1366 514 odoratus

15 540 229 584 odorabile
256 542 471 589 odoratur,
500 550 542 583 ct
571 549 714 598 gustus
746 539 952 597 gustabile
981 550 1142 597 gustat,
1166 550 1208 584 et
1230 550 1366 584 tactus

14 612 128 668 quod
156 610 353 668 tangendi
380 610 621 652 substantiae
642 609 858 667 subjacet,
882 611 1026 667 tangit.
1057 611 1156 652 Ideo
1183 611 1368 667 quinque

17 696 160 724 sensus
201 680 420 738 tripliciter
461 680 653 722 aestimati
690 688 788 722 sunt
808 713 818 729 ,
859 681 925 722 vel
961 682 1195 722 secundum
1228 680 1332 722 illud
1358 695 1367 721 :

28 750 211 793 «Scribe
239 751 315 792 tihi
342 750 608 808 tripliciter-⁴.
641 768 657 790 »
690 751 776 808 Ego
804 758 945 792 tamen
971 752 1237 793 commodias
1266 742 1371 808 post-3

16 820 122 862 illud
133 852 144 869 ‚
169 828 216 862 ut
233 835 376 862 sensus
393 820 548 862 terreni
565 820 745 862 hominis
769 829 892 877 atque
915 820 1102 863 animalis
1119 829 1161 862 et
1177 820 1373 878 spiritalis

19 889 222 946 accipiam
236 922 247 938 ‚
272 905 376 946 quos
398 890 467 931 illa
491 889 633 931 diluvii
660 889 817 931 ssuenta
839 889 1189 931 transcenderint.

77 958 185 1001 LIII.
219 959 366 1002 Merito
395 968 562 1001 mortua
593 967 655 1001 est
684 960 820 1001 omnis
851 974 950 1001 caro
981 974 1072 1015 quae
1102 960 1368 1002 movebatur.

20 1028 147 1079 Quod
177 1036 218 1070 et
245 1029 480 1070 secundum
503 1028 686 1070 litteram
708 1029 854 1084 liquet,
877 1037 919 1069 et
940 1029 1110 1085 proprie
1132 1044 1180 1070 ac
1202 1038 1377 1071 natura-

19 1098 115 1140 liter
151 1098 285 1140 carnis
313 1100 595 1154 corruptelam
627 1098 782 1139 indicio
810 1099 1052 1154 procellosae
1082 1100 1377 1141 commotionis

20 1168 232 1226 expressit.
255 1168 495 1211 Commotio
512 1168 624 1210 enim
642 1168 787 1210 vitiosa
804 1183 889 1210 non
907 1177 985 1217 est,
1008 1169 1087 1211 nisi
1110 1185 1184 1227 per
1206 1170 1379 1213 affectus

21 1238 350 1296 corruptionem.
377 1238 516 1280 Movet
537 1239 650 1280 enim
675 1240 909 1296 voluptates
933 1254 1047 1288 cam,
1070 1248 1112 1281 et
1134 1240 1221 1297 ipsa
1237 1242 1380 1299 volup-

21 1309 175 1351 tatibus
203 1322 503 1350 commovetur.
542 1308 651 1351 Talis
674 1317 814 1350 autem
837 1309 1067 1350 commotio
1090 1312 1378 1367 corruptelam

21 1388 149 1421 creat.
181 1378 314 1421 Causa
335 1394 435 1436 ergo
456 1380 706 1436 corruptelae
729 1379 957 1420 commotio
979 1378 1098 1421 istius
1127 1380 1276 1421 mundi
1299 1387 1377 1429 est,

21 1464 96 1506 per
117 1463 243 1505 quam
266 1449 403 1490 anima
428 1448 758 1505 uniuscujusque
779 1449 1016 1505 degenerat.
1048 1447 1155 1490 Cum
1177 1449 1291 1491 enim
1316 1449 1379 1491 vi-

21 1519 137 1560 tiosae
167 1518 378 1576 passiones
407 1526 594 1560 mentem
625 1526 809 1566 movent,
847 1519 1086 1575 corruptela
1125 1526 1349 1574 generatur
1366 1537 1377 1568 ;

19 1603 120 1630 cum
149 1587 331 1630 excitant
362 1587 498 1629 studia
529 1588 748 1635 virtutum,
782 1586 1012 1643 disciplinae
1044 1587 1261 1643 profectus
1298 1597 1373 1630 est.

23 1657 169 1700 Omnis
189 1658 314 1715 igitur
329 1657 401 1714 qui
421 1665 511 1699 erat
531 1657 572 1698 in
591 1657 719 1705 arida,
741 1665 932 1698 mortuus
955 1664 1016 1697 est
1035 1671 1045 1696 :
1071 1671 1150 1697 nec
1174 1657 1286 1699 enim
1308 1672 1381 1715 po—

21 1735 160 1769 terant
180 1742 266 1768 non
292 1726 400 1768 mori
431 1741 534 1782 quos
561 1726 666 1768 tanti
690 1725 833 1767 diluvii
855 1726 967 1766 unda
992 1727 1260 1768 demerserat.
1289 1727 1379 1770 Hoc

21 1796 256 1841 sedandum
279 1792 482 1853 scriptum
501 1795 736 1852 seriemque
755 1795 996 1836 verborum.
1028 1794 1240 1837 Caeterum
1261 1796 1296 1838 si
1319 1798 1380 1838 al—

0 1866 224 1923 ‘legoriam
246 1881 420 1922 quaeras,
446 1880 531 1907 non
554 1866 730 1907 dubium
751 1873 814 1906 est
839 1865 936 1921 quia
957 1867 1148 1922 exemplo
1175 1865 1274 1923 ligni
1299 1866 1382 1907 ari—

25 1935 151 1977 dioris
182 1937 296 1992 quod
328 1935 452 1977 simul
484 1942 531 1976 ut
559 1936 747 1977 lambere
781 1935 970 1992 coeperit,
1004 1934 1109 1992 ignis
1131 1936 1294 1978 exurit:
1324 1936 1382 1977 ita

28 2006 164 2048 anima
199 2005 276 2047 nisi
304 2005 565 2047 diversarum
598 2005 818 2047 humescat
849 2020 945 2047 rore
972 2005 1193 2054 virtutum,
1224 2008 1380 2063 poculo

26 2078 209 2133 quodam
230 2075 646 2133 irrigata‘sapientiae‚
673 2084 714 2117 et
734 2075 849 2117 sonte
869 2074 1055 2131 justitiae,
1078 2082 1202 2131 atque
1223 2075 1381 2133 irriguo

27 2146 240 2195 castitatis,
264 2153 463 2202 tanquam
486 2146 664 2188 arefacta
687 2145 828 2186 radice
849 2145 985 2193 vitali,·
1005 2145 1282 2203 cupiditatum
1306 2148 1382 2188 de·-

22 2216 177 2274 ssagrat
188 2216 400 2264 incendio,
414 2217 479 2257 vel
490 2215 696 2273 profluvio
710 2215 846 2257 carnis
863 2214 968 2257 illisa
984 2216 1237 2272 procumbit.
1262 2217 1382 2258 Unde

7 2302 194 2345 fsemper
215 2286 375 2344 epulari
400 2286 524 2328 debet
547 2286 709 2327 animus
736 2286 943 2327 bonorum
964 2300 1140 2342 operum
1162 2285 1384 2343 cogitatio-

29 2354 120 2406 nes,v
141 2366 188 2399 ut
208 2357 440 2415 prudentiae
463 2371 588 2398 succo
617 2371 736 2398 mens
765 2354 968 2397 inebriata
991 2355 1260 2412 pinguescat3
1298 2371 1381 2413 quo

31 2422 116 2470 non
137 2427 257 2469 facile
278 2427 420 2469 diluvii
442 2426 667 2483 corporalis
691 2427 813 2467 cedat
835 2425 1013 2482 injuriae,
1039 2433 1163 2482 atque
1186 2425 1300 2468 arido
1322 2426 1383 2469 in-

26 2498 158 2540 curiae
174 2498 256 2539 situ
270 2497 424 2540 evirata
441 2497 656 2539 moriatur.
674 2497 858 2553 Ideoque
871 2511 946 2538 nos
965 2497 1162 2538 admonet
1177 2497 1383 2539 Dominus

35 2582 56 2610 a
72 2568 186 2612 fonte
207 2568 418 2628 sapientiae
439 2583 524 2610 non
545 2567 741 2610 recedere
754 2566 788 2616 ¹,
827 2567 980 2624 pocula
1002 2565 1165 2610 virtutis
1185 2566 1379 2617 haurire3

81 2666 90 2682 ¹
108 2658 207 2692 Prov.
235 2668 328 2697 xxu,
352 2669 406 2694 20.
422 2677 462 2685 —
475 2664 488 2680 ²
507 2658 619 2692 Baruc.
639 2668 689 2697 ιιι,
706 2667 759 2698 zo,
775 2667 825 2689 21.
