1742 3233
297 291 380 341 432
839 298 868 324 s.
911 297 1098 324 nimiosn

297 384 501 436 temperat
532 373 803 432 providentia.
841 373 1029 414 Primum
1061 373 1172 414 enim
1206 372 1247 413 in
1281 371 1496 414 stomacho
1518 386 1642 428 quem

297 449 484 508 plerique
503 452 692 487 ventrem
715 444 923 500 appellant
945 443 1198 499 superiorem
1212 476 1223 491 ,
1245 444 1363 484 cibus
1385 441 1605 484 conficitur
1630 457 1639 483 :

300 518 450 561 deinde
486 515 679 571 coquitur
720 513 762 554 in
802 513 966 569 jecore,
1006 521 1129 569 atque
1165 529 1214 555 eo
1247 513 1447 569 digeritur
1473 527 1639 569 vapore.

299 589 460 632 Succus
476 586 565 642 ejus
589 584 785 625 dividitur
809 583 931 624 certis
949 583 1157 624 xiseerum
1179 583 1441 640 portionibus
1456 616 1467 632 ,
1491 598 1541 624 ex
1563 596 1646 638 quo

298 674 421 702 omne
447 672 596 713 corpus
624 654 806 696 valescit.
837 654 964 704 Quod
995 653 1090 695 satis
1114 654 1330 709 juniorum
1359 653 1644 701 incrementa,

301 744 446 773 senum
463 725 710 768 testificatur
721 724 1037 780 perseverantia.
1062 724 1283 779 Reliquum
1302 723 1384 765 cibi
1401 723 1442 764 in
1458 731 1648 764 ventrem

301 798 469 845 dessuit,
489 810 614 852 quem
633 808 777 835 omnes
794 801 984 833 ventrem
1007 795 1264 850 appellamus
1282 793 1368 833 sine
1387 792 1624 848 adjectione
1637 825 1647 841 ,

300 869 486 928 plerique
504 866 649 907 dicunt
670 871 858 904 ventrem
881 862 1117 903 inferiorem
1135 879 1145 910 3
1171 877 1220 903 ex
1237 877 1319 918 quo
1338 861 1461 904 fimus
1482 875 1650 902 necesse

307 948 369 981 est
414 937 483 993 qui
522 936 667 992 plenus
703 932 787 988 jam
819 931 1099 987 corruptionis
1132 932 1426 978 descenderat,
1459 937 1657 986 egeratur

305 1024 380 1066 per
400 1005 502 1048 illud
522 1020 572 1045 cx
593 1012 826 1044 transverso
850 1001 1016 1042 ostium.

359 1074 524 1119 XXIX.
561 1073 658 1114 Htec
697 1086 794 1112 cum
828 1070 883 1111 ita
915 1070 1070 1112 affabre
1102 1070 1281 1111 naturali
1313 1069 1571 1111 institutione
1606 1069 1658 1110 ad

306 1147 384 1190 Dei
421 1142 746 1202 praeceptionem
781 1139 1009 1195 composita
1050 1140 1292 1187 videantur3
1336 1147 1477 1181 tamen
1512 1140 1543 1180 si
1573 1153 1657 1180 non

307 1215 457 1260 edendi
498 1229 518 1254 a
557 1212 703 1258 nohis,
747 1210 976 1266 agendique
1016 1211 1165 1251 modus
1213 1218 1417 1258 servetur,
1459 1218 1658 1266 tanquam

307 1281 632 1328 exuberantibus
662 1279 922 1336 passionibus
955 1289 1179 1335 generatur
1213 1281 1416 1321 diluvium
1436 1312 1447 1328 ,
1477 1289 1518 1321 et
1543 1295 1659 1336 quae-

312 1355 407 1396 dam
444 1352 569 1393 totius
597 1349 711 1390 labes
737 1348 934 1404 corporis.
971 1348 1298 1406 Intemperantia
1329 1349 1442 1390 enim
1467 1350 1659 1391 accendit

307 1425 524 1468 libidinem
539 1453 549 1469 ,
576 1419 824 1461 cruditatem
847 1426 1041 1474 generat,
1060 1421 1342 1476 corruptelam
1361 1428 1489 1461 creat.
1513 1419 1659 1476 Itaque

308 1503 379 1538 aut
417 1491 566 1534 duritia
596 1490 758 1531 interna
788 1489 1032 1537 tenduntur,
1059 1497 1100 1530 ct
1131 1489 1378 1545 quatiuntur
1414 1489 1656 1538 doloribus,

311 1573 381 1608 aut
412 1564 576 1604 incocto
611 1559 801 1600 ciborum
838 1557 1015 1598 humore
1048 1566 1090 1599 ct
1121 1558 1406 1615 indigestionis
1440 1559 1660 1616 asperitate

311 1633 483 1676 interior
505 1629 675 1686 quidam
699 1627 989 1668 intestinorum
1013 1627 1189 1669 amictus
1218 1629 1403 1677 raditur3
1428 1628 1524 1684 quia
1546 1628 1660 1670 velut

324 1705 477 1746 chartae
507 1698 645 1757 specie
676 1696 865 1754 geminus
898 1711 1045 1737 eorum
1077 1698 1252 1739 amictus
1282 1698 1481 1739 asseritur
1506 1714 1517 1746 ;
1552 1711 1660 1738 unus

310 1774 505 1820 exterior,
531 1783 656 1826 quem
684 1767 930 1808 continuum
960 1767 1076 1808 aiunt
1105 1768 1253 1824 periti,
1280 1769 1346 1809 vel
1365 1767 1435 1823 qui
1458 1767 1661 1808 curiosius

313 1842 484 1898 scrutati
507 1847 625 1886 sunt,
653 1853 673 1878 a
696 1851 859 1878 summo
884 1838 935 1877 ad
957 1837 1088 1878 imum
1112 1837 1295 1879 directus
1324 1853 1332 1878 :
1362 1837 1464 1878 alius
1489 1836 1661 1878 interior

313 1925 512 1969 tanquam
541 1908 740 1951 lateribus
774 1914 950 1948 attextus
961 1923 971 1954 ;
1003 1908 1114 1947 unde
1150 1907 1265 1947 aiunt
1290 1921 1374 1947 non
1397 1914 1532 1947 totum
1560 1905 1661 1948 solvi

312 2000 410 2027 cum
432 1981 602 2024 raditur.
632 1978 737 2020 Nam
769 1977 801 2018 si
828 1977 1058 2036 continuus,
1072 1986 1179 2019 esset
1202 1978 1390 2025 interior,
1415 1976 1663 2018 immedica-

315 2054 410 2097 bilis
444 2051 535 2107 ejus
568 2048 743 2090 scissura
768 2046 875 2088 foret
896 2080 905 2095 ,
936 2047 1018 2088 illic
1052 2062 1126 2103 per
1149 2062 1311 2088 moram
1342 2047 1661 2103 adjunctionum

313 2122 523 2167 adhaerere
545 2119 737 2161 ciborum
762 2116 967 2172 reliquias.
998 2117 1101 2167 Quae
1124 2117 1155 2157 si
1178 2116 1469 2173 adjunctiones
1496 2116 1661 2156 solvan-

319 2204 405 2242 tur,
434 2190 607 2234 transire
642 2203 822 2230 semesos
858 2187 994 2235 cibOS,
1037 2194 1077 2228 et
1111 2194 1235 2243 potus
1262 2186 1449 2235 dessuos,
1486 2185 1568 2227 hoe
1599 2192 1662 2226 est

310 2262 490 2310 hominis
514 2261 726 2302 diluvium.

369 2333 511 2377 XXX.
548 2331 667 2372 [nde
707 2327 810 2370 mihi
857 2327 1020 2369 videtur
1058 2343 1131 2385 per
1170 2343 1274 2370 arcae
1317 2328 1442 2384 hujus
1483 2325 1661 2384 figuram

311 2404 488 2449 voluisse
504 2402 640 2444 Deum
656 2414 730 2440 nos
748 2389 946 2445 edocere,
968 2399 1298 2453 quemamodum
1321 2397 1373 2438 ab
1391 2396 1473 2437 hoc
1492 2395 1661 2453 speciali

310 2476 387 2518 tuti
413 2473 540 2514 simus
568 2469 736 2511 diluvio.
772 2468 1018 2524 Corruptcla
1044 2467 1156 2508 enim
1181 2466 1323 2508 diluvii
1346 2481 1469 2507 causa
1491 2473 1553 2507 est
1577 2480 1587 2506 z
1612 2480 1661 2507 ea

311 2545 384 2586 nbi
405 2540 616 2599 irrepserit
632 2573 642 2587 ‚
676 2539 919 2596 aperiuntur
947 2552 1061 2593 aquae
1077 2570 1087 2585 ‚
1122 2537 1329 2578 ebulliunt
1355 2550 1499 2578 omnes
1524 2535 1660 2577 fontes

311 2608 611 2671 cupiditatum3
645 2617 692 2651 ut
728 2616 862 2650 totum
901 2621 1051 2663 corpus
1088 2615 1203 2650 tanto
1234 2615 1276 2651 et
1317 2614 1404 2654 tam
1447 2603 1659 2662 profundo
