1747 3260
470 313 763 344 nEXAEMERON.
800 314 878 342 Lm.
917 314 944 341 1.
1327 304 1380 352 4¹

79 390 238 436 XVIII.
273 389 359 434 Nee
376 389 506 432 otiose
527 389 671 446 utique
693 389 853 431 factum
870 388 1047 446 legimus
1060 405 1071 437 ;
1092 389 1186 445 quia
1210 390 1385 446 gentiles

29 463 219 523 plerique
233 493 244 510 ‚
269 460 339 517 qui
362 468 617 502 coaeternum
637 460 726 502 Deo
748 460 956 502 mundum
976 458 1222 516 voluntjesse
1236 493 1246 509 ,
1272 459 1390 516 quasi

33 531 394 576 adumbrationem
411 530 575 572 virtutis
597 529 769 578 divinae,
790 537 980 571 asserunt
1001 529 1127 571 etiam
1146 544 1219 571 sua
1242 537 1391 587 sponte

32 601 279 650 subsistere3
302 609 343 642 et
368 600 554 657 quamvis
580 613 750 642 causam
773 598 863 655 ejus
884 599 1021 641 Deum
1048 614 1137 641 esse
1155 598 1391 647 fateantur,-

34 686 203 716 causam
229 679 369 713 tamen
390 670 549 712 sactum
570 671 717 712 volunt
736 684 821 711 non
844 684 895 711 ex
916 669 1131 711 voluntate
1154 677 1195 710 et
1212 667 1393 725 disposi-

33 743 147 785 tione
178 756 273 790 sua,
307 742 381 782 sed
415 741 469 782 ita
501 748 547 782 ut
579 754 704 782 causa
734 739 896 781 umbrae
919 752 1071 796 corpus
1090 746 1164 780 est.
1196 737 1396 779 Adhaeret

34 812 146 854 onim
174 810 325 852 umbra
351 809 537 866 corpori,
563 818 604 851 et
625 810 763 866 fulgor
789 809 940 852 lumini
963 808 1144 850 naturali
1169 808 1301 865 magis
1324 821 1393 848 so-

37 880 186 923 cietate
199 912 209 928 ‚
234 894 359 935 quam
376 881 590 921 voluntate
612 879 780 920 arbitra.
803 878 984 921 Pulchre
1007 892 1106 934 ergo
1124 877 1181 918 ait
1201 877 1365 932 Moyses
1382 908 1393 924 ,

36 950 132 1006 quia
146 949 291 991 «Fecit
303 949 416 991 Deus
435 950 588 990 coelum
605 957 646 990 et
663 956 832 990 terram.
853 947 976 989 »Non
991 946 1093 987 dixit
1114 945 1211 1002 quia
1229 945 1398 986 subesse

34 1018 155 1067 fecit3
171 1032 256 1060 non
279 1019 381 1060 dixit
399 1018 494 1074 quia
508 1032 676 1059 causam
697 1018 857 1058 mundo
875 1023 922 1057 ut
938 1022 1063 1063 esset,
1087 1013 1267 1072 praebuit
1287 1029 1296 1054 :
1325 1013 1400 1055 sed

45 1086 197 1129 «Fecit
215 1105 230 1126 »
255 1086 372 1143 quasi
389 1087 526 1128 bonus
545 1087 659 1142 quod
683 1085 792 1127 soret
814 1084 914 1127 utile
936 1099 945 1125 ε
967 1083 1083 1140 quasi
1106 1084 1268 1141 sapiens
1285 1083 1400 1138 quod

35 1156 243 1214 optimum
259 1156 500 1213 judicabat:
522 1156 639 1212 quasi
657 1154 924 1212 omnipotens
953 1155 1067 1210 quod
1094 1152 1399 1209 amplissimum

34 1225 300 1285 praevidebat.
330 1226 556 1277 Quomodo
589 1234 729 1267 autem
757 1225 875 1282 quasi
903 1224 1055 1265 umbra
1089 1238 1180 1265 esse
1208 1230 1396 1280 poterat,

34 1296 108 1337 ubi
129 1309 280 1352 corpus
297 1310 383 1336 non
406 1303 516 1344 erat,
540 1309 638 1336 eum
658 1294 897 1351 incorporei
919 1293 996 1335 Dei
1019 1307 1223 1350 corporea
1248 1293 1399 1334 adum-

35 1365 171 1409 bratio
193 1380 282 1408 esse
304 1380 389 1408 non
411 1364 568 1423 possit?
587 1365 812 1416 Quomodo
829 1363 956 1406 etiam
970 1361 1210 1420 incorporei
1227 1360 1398 1404 luminis
1429 1377 1439 1392 v

42 1437 241 1494 splendor
259 1436 389 1493 possit
404 1451 493 1477 esse
528 1434 782 1493 corporeus?

93 1505 212 1548 XIX.
251 1505 334 1548 Sed
363 1506 395 1547 si
420 1506 569 1563 quaeris
602 1505 868 1563 splendorem
889 1503 982 1552 Dei,
1007 1502 1139 1545 Filius
1170 1510 1233 1544 est
1260 1502 1398 1559 imago

35 1575 114 1619 Dei
136 1574 366 1617 invisibilis.
395 1575 540 1626 Qualis
564 1589 661 1632 ergo
679 1574 791 1617 Deus
813 1582 895 1623 est,
920 1573 1014 1616 talis
1031 1573 1182 1630 imago.
1209 1571 1401 1614 Invisibi-

36 1645 87 1688 lis
102 1645 238 1694 Deus,
258 1644 384 1687 etiam
402 1644 539 1703 imago
556 1644 785 1687 invisibilis,
812 1644 887 1686 Est
909 1643 1023 1686 enim
1046 1643 1244 1700 splendor
1261 1640 1403 1699 gloria:

39 1724 249 1774 paternae,
275 1723 399 1772 atque
421 1715 512 1772 ejus
535 1716 672 1773 imago
694 1714 950 1757 substantiae.
980 1731 995 1751 «
1010 1713 1057 1754 In
1077 1711 1285 1770 principio
1301 1743 1312 1760 ‚
1337 1710 1405 1752 in-

38 1803 55 1826 a>
69 1785 181 1842 quit,
200 1784 299 1826 fecit
313 1785 426 1826 Deus
450 1786 603 1827 eoelum
616 1793 836 1843 etlterram.
860 1802 876 1823 »
889 1784 1044 1826 Factus
1066 1790 1130 1824 est
1157 1796 1258 1839 ergo
1275 1795 1406 1823 mun-

39 1855 140 1904 duS,
165 1863 208 1896 et
230 1855 358 1912 coepit
387 1869 497 1903 esse,
526 1855 598 1912 qui
623 1870 709 1896 non
739 1862 857 1897 erat:
880 1853 1073 1897 Verbum
1097 1860 1245 1894 autem
1262 1850 1339 1894 Dei
1362 1850 1405 1892 iu

37 1924 247 1982 principio
271 1932 382 1973 erat,
407 1932 449 1966 et
471 1932 560 1967 erat
583 1940 759 1982 semper.
789 1923 874 1966 Sed
895 1924 1024 1966 etiam
1045 1922 1222 1980 Angeli,
1256 1920 1408 1963 Domi-

39 1993 229 2035 nationes
250 2000 292 2035 et
310 1994 561 2042 Potestates,
581 1992 659 2036 etsi
681 1994 905 2051 aliquando
931 2000 1180 2051 coeperunt,
1200 1999 1321 2034 erant
1336 1998 1404 2032 ta-

42 2076 140 2105 men
170 2061 256 2119 jam
285 2064 453 2119 quando
479 2063 548 2106 hic
571 2063 755 2104 mundus
782 2070 844 2104 est
865 2062 1013 2104 factus.
1043 2061 1197 2104 Omnia
1220 2073 1407 2116 namque

41 2139 180 2173 creata
204 2140 246 2174 et
271 2132 438 2175 condita
461 2140 580 2182 sunt,
605 2131 785 2174 visibilia
809 2138 851 2173 et
873 2129 1119 2179 invisibilia,
1147 2129 1231 2171 sive
1252 2128 1405 2177 Sedes,

42 2199 126 2243 sive
167 2200 482 2244 Dominationes
498 2233 509 2249 ,
547 2201 632 2243 sive
665 2200 930 2258 Principatus
946 2232 957 2249 ,
999 2199 1085 2241 sive
1129 2198 1364 2242 Potestates
1391 2210 1402 2237 ε

53 2287 70 2308 α
87 2269 261 2320 Omnia,
286 2271 444 2328 inquit,
463 2286 539 2329 per
562 2271 698 2329 ipsum
721 2270 829 2313 facta
846 2277 968 2318 sunt,
990 2277 1034 2312 et
1050 2269 1091 2311 in
1110 2267 1249 2326 ipsum
1267 2272 1407 2308 creata

43 2356 61 2380 »
74 2339 213 2383 sunt¹.
236 2358 252 2380 »
266 2340 381 2393 Quid
391 2349 469 2391 est,
485 2342 559 2383 «In
582 2341 720 2399 ipsum
741 2348 879 2383 creata
892 2339 910 2381 Ρ
923 2358 938 2379 »
953 2338 1063 2391 Quia
1085 2338 1174 2395 ipse
1194 2343 1258 2378 est
1272 2335 1407 2377 haeres

42 2408 198 2459 Patris,
229 2425 280 2452 eo
312 2412 428 2468 quod
459 2426 480 2453 a
513 2411 636 2454 Patre
669 2411 711 2453 in
748 2410 885 2469 ipsum
917 2407 1130 2452 transierit
1157 2403 1402 2449 haereditas.

47 2478 153 2521 sicut
172 2479 295 2522 Pater
317 2481 418 2523 dicit
439 2496 448 2523 τ
476 2481 637 2523 «Posce
660 2496 682 2523 a
698 2495 789 2529 me,
814 2487 857 2522 et
878 2478 987 2521 dabo
1013 2476 1088 2520 tibi
1110 2482 1256 2534 gentes
1278 2472 1409 2515 haere·

47 2547 252 2591 »ditatem
281 2550 439 2593 tuam2.
462 2568 477 2590 n
506 2551 612 2602 Quae
642 2560 787 2594 tamen
812 2548 1034 2595 haereditas
1062 2562 1084 2590 a
1114 2546 1241 2591 Patre
1260 2539 1412 2587 transit

86 2646 103 2669 v³
122 2639 229 2674 edos,
248 2652 272 2683 i,
295 2642 344 2675 16.
360 2660 400 2666 —
415 2652 428 2668 2
448 2642 530 2676 Psal.
548 2654 585 2683 ιι,
603 2643 636 2676 8.
