1742 3233
347 287 368 328 5
381 303 395 327 1
406 302 428 327 2
881 298 912 326 s.
951 299 1139 326 numosu

337 393 438 435 pare
456 375 610 432 aliquid
621 375 685 416 vel
701 374 888 416 oblatum
902 383 1081 423 recusat,
1098 390 1150 416 ne
1173 374 1282 415 dicat
1305 374 1376 431 qui
1398 374 1541 417 dedit:
1557 375 1690 427 «Quia

342 463 447 504 »ego
471 447 641 489 divitem
659 445 740 486 feci
762 460 879 491 eum3
894 463 909 483 »
923 445 1004 486 hoc
1028 447 1163 486 solum
1183 445 1260 486 sibi
1281 444 1378 485 satis
1400 460 1488 486 esse
1499 453 1689 494 testatur,

342 518 456 573 quod
486 515 621 572 pastui
650 514 928 572 praeliantium
956 514 1156 570 juvenum
1184 513 1441 570 profecisset.
1472 514 1595 556 Dicet
1618 514 1695 556 ali-

341 587 457 642 quis:
475 603 491 624 <1
504 585 611 626 Cum
630 585 715 641 ipse
730 584 899 632 vicerit,
920 585 1131 640 quomodo
1150 582 1251 624 dicit
1268 584 1319 624 ad
1335 598 1473 639 regem
1495 582 1696 624 Sodomo—

341 673 356 694 »
371 670 482 703 rum,
503 653 615 696 Nihil
626 668 786 694 sumam
801 653 872 693 abs
885 661 949 700 te;
965 671 980 690 »
995 668 1090 694 culn
1108 652 1247 710 praeda
1264 653 1408 708 utique
1430 652 1469 693 in
1491 660 1695 709 potestate

339 724 508 767 victoris
534 722 686 763 suerit?
708 722 841 762 Docet
871 722 1095 770 militare&
1118 722 1403 778 disciplinam,
1433 730 1479 763 ut
1499 722 1586 778 regi
1608 737 1697 763 ser-

338 802 489 837 ventur
506 791 659 833 omnia.
682 790 788 831 Sanc
807 790 871 839 iis,
897 791 966 846 qui
985 777 1127 831 secum
1152 791 1326 832 fuissent
1342 791 1384 831 in
1408 790 1698 847 adjumentum

343 864 518 905 sortasse
548 859 710 908 sociati,
744 868 907 916 partem
943 860 1217 901 emolumenti
1251 860 1518 902 tribuendam
1555 860 1698 902 asserit

340 941 540 987 tanquam
561 929 802 970 mercedem
824 928 990 969 laboris.

397 1000 551 1044 XVIII.
587 999 770 1053 Ideoque
785 997 983 1052 quoniam
1000 997 1079 1038 sibi
1098 1000 1336 1040 mercedem
1355 1000 1404 1041 ab
1423 1000 1594 1041 homine
1610 1015 1692 1041 non

338 1071 541 1129 quaesivit,
556 1070 677 1111 aDeo
696 1068 872 1124 accepit,
890 1068 998 1110 sicut
1012 1068 1187 1124 legimus
1204 1069 1429 1126 scriptum3
1447 1070 1581 1121 «Quia
1600 1079 1695 1127 post

339 1143 458 1185 »haec
502 1140 627 1181 verba
667 1138 826 1180 sactum
865 1146 926 1179 est
965 1139 1139 1180 verbum
1170 1139 1336 1180 Domini
1368 1141 1420 1180 ad
1457 1139 1615 1181 Abram
1651 1140 1693 1181 in

339 1234 353 1253 n
368 1214 457 1255 visu
478 1212 619 1252 dicens
640 1225 649 1250 :
677 1209 768 1251 ‚Noli
790 1210 954 1256 timere,
974 1209 1146 1256 Abram,
1165 1225 1240 1265 ego
1263 1218 1479 1267 protegam
1501 1219 1558 1258 te,
1582 1225 1693 1252 mer-

337 1305 352 1324 »
368 1300 435 1326 ces
460 1292 530 1324 tua
551 1282 680 1322 multa
703 1280 781 1320 erit
802 1279 959 1321 valdo¹.
978 1299 993 1318 »
1008 1280 1099 1322 Non
1123 1289 1185 1321 est
1207 1296 1323 1322 serus
1347 1282 1399 1322 ad
1421 1297 1693 1324 remuneran-

336 1356 438 1396 dnm
463 1351 684 1398 Dominus,
717 1357 759 1390 et
789 1349 871 1390 cito
907 1349 1128 1406 promittit,
1166 1358 1205 1390 ct
1241 1352 1372 1391 multa
1405 1352 1605 1408 largitum
1640 1368 1692 1395 ne

336 1421 524 1463 infirmos
541 1419 698 1459 animos
721 1433 796 1475 per
818 1419 1059 1460 dilationem
1079 1419 1258 1475 aliquam
1277 1421 1425 1461 subeat
1443 1421 1690 1477 poenitentia

335 1489 633 1547 contempsisse
655 1488 874 1545 praesentia
897 1503 905 1529 :
943 1496 983 1529 et
1010 1490 1123 1530 velut
1151 1492 1330 1545 quadam
1353 1491 1542 1532 usuraria
1565 1491 1692 1549 largi-

335 1570 419 1604 tate
453 1567 711 1616 compensat,
745 1567 791 1599 ut
821 1559 1031 1600 uberioria
1062 1560 1256 1602 restituat
1278 1561 1314 1602 ei
1339 1560 1408 1617 qui
1430 1569 1575 1617 captus
1606 1577 1689 1603 non

336 1631 460 1674 suerit
487 1629 697 1671 oblatione
722 1629 1006 1685 praesentium.

390 1700 507 1744 XIX.
543 1699 607 1740 Ab
626 1698 712 1755 ipso
734 1713 900 1754 quoque
923 1699 1102 1740 Domino
1126 1700 1367 1741 mercedem
1388 1716 1514 1756 quam
1537 1711 1688 1758 postu-

333 1774 406 1818 let,
441 1767 765 1810 consideremus.
805 1768 896 1810 Non
931 1769 1092 1811 divitias
1123 1778 1170 1811 ut
1199 1785 1344 1811 avarus
1377 1771 1579 1827 exposcit,
1604 1787 1687 1814 non

333 1839 639 1898 longaevitatem
672 1838 764 1880 vitto
789 1838 920 1886 istius,
946 1847 991 1880 ut
1013 1840 1283 1881 meticulosus
1315 1840 1476 1888 mortis,
1503 1855 1586 1881 non
1611 1857 1688 1898 po-

335 1912 509 1955 tentiam
532 1926 542 1957 3
576 1910 648 1950 scd
668 1908 840 1965 dignum
864 1910 1011 1965 quaerit
1034 1910 1094 1951 sui
1116 1911 1324 1951 haeredem
1347 1910 1500 1952 laboris
1521 1912 1687 1962 :«Quid

331 2000 346 2020 »
362 1980 480 2028 mihi,
511 1979 659 2034 inquit,
693 1979 838 2020 dabis?
870 1979 955 2035 Ego
981 1988 1120 2021 autem
1149 1980 1338 2021 dimittor
1365 1979 1452 2021 sine
1474 1978 1582 2022 filiis.
1605 1981 1685 2022 »Et

331 2050 434 2091 infra
463 2064 504 2090 :a
526 2048 634 2099 Quia
661 2048 766 2090 mihi
799 2064 941 2090 semen
971 2066 1055 2091 non
1086 2051 1250 2097 dedisti,
1286 2050 1536 2091 vernaculus
1567 2065 1684 2092 meus

330 2119 462 2161 »mihi
490 2119 622 2160 haeres
657 2117 777 2160 erit'2.
795 2119 996 2162 »Discant
1024 2135 1121 2176 ergo
1152 2119 1343 2161 homines
1378 2119 1573 2176 conjugia
1600 2135 1684 2161 non

329 2204 542 2247 spernere,
575 2203 653 2230 nec
685 2188 761 2229 sibi
793 2189 951 2230 sociare
980 2190 1179 2246 impares3
1205 2205 1256 2230 ne
1279 2188 1525 2245 hujusmodi
1551 2189 1685 2230 susci-

333 2261 450 2318 piant
470 2259 642 2308 liberos,
678 2273 781 2315 quos
812 2259 997 2301 haeredes
1029 2260 1185 2301 habere
1218 2275 1302 2301 non
1331 2258 1516 2316 possint‚·
1549 2267 1596 2301 ut
1619 2261 1685 2301 vel

329 2329 668 2372 transfundendae
698 2328 950 2371 haereditatis
983 2330 1353 2386 contemplatione,
1385 2330 1417 2370 si
1445 2331 1559 2371 nullo
1587 2345 1684 2371 con-

329 2401 438 2442 tuitu
459 2398 630 2456 pudoris
651 2406 888 2447 moventur,
916 2399 1039 2456 digno
1060 2401 1254 2442 studeant
1275 2399 1557 2442 matrimonio.

385 2470 483 2514 XX.
521 2469 603 2511 Sed
636 2470 668 2510 si
693 2470 872 2511 Abrahae
906 2470 1109 2512 sententia
1143 2472 1193 2511 ad
1220 2470 1515 2528 corrigendum
1541 2471 1681 2513 minus

329 2537 511 2598 proficit,
550 2538 692 2595 accipe
722 2540 940 2581 oraculum
973 2539 1048 2583 Dei
1087 2539 1331 2596 hujusmodi
1362 2539 1680 2584 condemnantis

376 2638 386 2653 ¹
408 2630 490 2661 Gen.
506 2639 561 2667 xv,
581 2639 606 2660 1.
622 2646 662 2653 —-
677 2639 689 2653 ²
709 2628 794 2678 Ibid.
813 2640 845 2670 2,
863 2629 895 2662 5.
