1742 3233
353 293 439 345 334
898 303 928 331 S·
969 302 1158 331 AMBRosn

350 394 446 428 sunt
459 418 470 435 ,
494 385 595 428 falsa
613 385 878 440 imponentes
893 381 1019 422 rebus
1032 379 1204 436 singulis
1216 380 1383 421 nomina
1398 412 1410 429 ‚
1427 389 1474 422 ut
1488 383 1701 426 temerita-

348 464 435 497 tem
456 454 567 496 dicat
584 467 674 495 esse
690 452 904 499 virtutem,
923 459 964 492 ct
982 450 1160 491 avaritiae
1181 466 1334 492 nomen
1360 450 1547 509 imponat
1565 432 1702 498 indug-

348 526 449 567 triae.
493 524 671 582 Serpens
697 522 808 564 enim
836 521 1058 562 mulierem
1086 519 1272 577 decepit,
1299 520 1435 571 virum
1466 522 1619 571 'mulier
1651 510 1702 564 ad

348 594 734 653 praevaricationem
757 592 808 633 de
823 590 998 633 veritate
1025 589 1209 646 deduxit7
1232 579 1444 646 Serpentis
1468 598 1616 648 typum
1639 607 1702 634 ae-

351 667 462 724 cepit
488 664 706 707 delectatio
733 660 958 727 corporalis
982 677 993 707 ;
1019 659 1170 700 mulier
1197 659 1436 716 symbolum
1465 676 1608 703 sensus
1640 670 1702 704 est

350 736 496 784 nostri,
515 735 578 775 vir
595 732 758 779 mentis.
785 729 1174 785 Delectatio‘itaque
1195 744 1363 770 sensum
1381 738 1541 779 movet,
1558 746 1701 779 sensus

348 804 479 846 menti
514 800 764 844 transfundit
789 813 915 856 quam
947 798 1155 855 acceperit
1179 797 1429 855 passionem,
1468 799 1701 841 Delectatio

350 876 473 934 igitur
498 872 633 930 prima
658 879 717 913 est
743 870 858 926 origo
885 867 1059 924 peccati.
1092 867 1276 923 Ideoque
1302 883 1386 908 non
1412 867 1600 917 mireris,
1627 884 1703 910 cur

352 955 446 990 ante
468 959 637 1002 serpens
662 941 884 982 damnetur
898 936 1055 994 judicio
1072 937 1165 986 Dei,
1186 927 1371 978 secundo
1389 939 1555 988 mulier,
1576 939 1702 981 tertio

349 1019 424 1060 vir.
453 1013 695 1058 Secundum
719 1007 871 1052 erroris
885 1006 1099 1055 ordinem,
1119 995 1398 1062 damnationis
1412 1022 1578 1064 quoque
1599 1008 1702 1057 ordo

350 1096 533 1130 servatus
556 1092 629 1126 est.
655 1079 886 1124 Delectatio
911 1077 1022 1118 enim
1040 1092 1208 1118 sensum
1224 1110 1234 1125 ‚
1260 1092 1403 1118 sensns
1428 1073 1568 1118 autem
1590 1092 1703 1119 men-

348 1167 436 1201 tem
464 1155 670 1212 captivam
691 1151 827 1193 facere
854 1145 1080 1189 consuevit.
1112 1146 1163 1186 [t
1193 1145 1298 1186 scias
1324 1154 1465 1187 autem
1491 1146 1587 1202 quia
1615 1162 1703 1192 ser-

349 1244 451 1287 pens
472 1235 596 1282 typus
613 1231 676 1265 est
702 1216 988 1262 delectationis
1004 1249 1013 1264 ‚
1038 1215 1349 1257 damnationem
1373 1216 1464 1273 ejus
1492 1216 1671 1258 adverte,

409 1293 600 1338 LXXIV.
651 1311 666 1331 «
688 1292 821 1347 Supra
847 1296 1015 1344 pectus,
1040 1285 1192 1341 inquit,
1219 1294 1340 1327 tuum
1363 1294 1405 1326 et
1426 1286 1466 1326 in
1485 1295 1606 1328 utero
1628 1294 1701 1328 tuo

351 1387 366 1407 »
381 1361 655 1408 ambulabis¹.
678 1358 793 1410 »Qui
813 1365 908 1399 sunt
946 1355 1017 1411 qui
1041 1354 1081 1394 in
1105 1362 1224 1395 utero
1248 1369 1322 1395 suo
1349 1355 1563 1403 ambulant
1584 1387 1595 1402 ‚
1624 1354 1701 1396 nisi

343 1437 421 1494 uni
451 1433 586 1492 ventri
616 1440 656 1473 et
687 1430 792 1487 gnlae
824 1427 988 1474 vivunt,
1019 1439 1199 1481 quorum
1230 1424 1342 1465 Deus
1369 1431 1514 1465 venter
1543 1432 1630 1475 est,
1661 1432 1703 1466 et

351 1506 479 1565 gloria
498 1505 539 1545 in
557 1499 763 1560 pudendis
785 1512 950 1544 eorum,
969 1495 1038 1551 qui
1054 1503 1214 1536 terrena
1230 1494 1419 1550 sapiunt,
1437 1501 1479 1534 ct
1492 1493 1584 1534 cibo
1599 1508 1702 1535 one—

347 1578 425 1620 rati
443 1567 493 1617 ad
512 1584 675 1615 terrena
693 1568 949 1611 curvantur?
971 1565 1084 1606 Bene
1101 1579 1199 1619 ergo
1226 1563 1497 1604 delectationi
1517 1563 1589 1610 ait,
1611 1578 1701 1619 quae

350 1649 453 1690 cibis
486 1647 643 1688 intenta
675 1645 832 1683 terram
865 1636 1031 1678 videtur
1060 1633 1271 1675 vindicare
1293 1648 1311 1674 ε.
1345 1632 1517 1688 «Supra
1551 1617 1711 1689 pectus.

347 1738 362 1758 »
376 1727 518 1764 tuum,
543 1723 585 1755 et
608 1714 650 1754 in
667 1719 786 1751 utero
807 1717 876 1749 tuo
900 1704 1132 1746 ambulabis
1147 1736 1156 1751 ,
1184 1710 1225 1743 ct
1247 1710 1402 1743 terram
1424 1701 1699 1743 manducabis

340 1809 356 1829 »
371 1787 566 1830 omnibns
585 1783 731 1823 diebus
751 1779 843 1820 vitae
863 1785 942 1818 tnae
958 1774 988 1816 ².
1015 1792 1030 1812 »
1058 1771 1260 1814 Tollenda
1285 1779 1346 1812 est
1365 1772 1500 1812 omnis
1519 1787 1699 1813 excusa-

340 1859 399 1900 t'io
418 1854 596 1901 diaboli3
620 1867 671 1892 ne
693 1850 798 1890 sorte
820 1845 987 1887 malitiae
1006 1850 1095 1884 'suae
1120 1841 1275 1897 aliquid
1292 1841 1424 1898 possit
1441 1840 1694 1890 obtendere,

345 1937 394 1971 ut
421 1927 531 1968 dicat
559 1921 821 1979 iniquitatem
844 1931 961 1958 suam
988 1929 1038 1955 ex
1062 1910 1413 1953 condemnatione
1441 1910 1631 1959 venisse3
1656 1902 1700 1953 et*

347 2000 441 2041 ideo
460 1996 511 2039 ad
528 1993 768 2037 nocendum
783 1986 1023 2030 hominibus
1036 1980 1304 2040 pertinaciter
1321 1979 1470 2036 obniti,
1490 1979 1585 2036 quia
1605 1974 1697 2020 ideo

349 2071 566 2113 damnatus
596 2071 659 2105 est
691 2069 738 2102 ut.
767 2065 968 2101 noceret:
1002 2052 1116 2110 quod
1144 2050 1308 2093 videtur
1339 2065 1428 2091 esse
1458 2048 1698 2106 proximum

342 2137 546 2198 opinioni,
566 2135 598 2176 si
619 2142 819 2188 tanquam
843 2123 1118 2170 damnationis
1144 2120 1374 2178 accipimus
1397 2119 1517 2160 istam
1534 2126 1696 2172 senten-
1739 2114 1742 2150 ἕ

340 2223 456 2266 tiam.
478 2218 571 2261 Non
594 2211 706 2255 enim
726 2208 838 2249 Deus
857 2201 908 2243 ad
927 2200 1010 2241 hoc
1027 2200 1264 2251 serpentem
1292 2190 1525 2238 damnavit,
1547 2197 1596 2231 ut
1617 2179 1696 2231 no-
1740 2191 1742 2228 ἓ

330 2301 456 2340 'ceat3
477 2286 549 2331 sed
570 2281 672 2341 quid
696 2279 860 2320 futurus
878 2278 1008 2317 esset,
1034 2262 1230 2308 ostendit.
1257 2261 1310 2302 Et
1332 2260 1503 2316 quidem
1520 2259 1699 2302 tentatio
1740 2247 1742 2266 ³

641 2344 748 2409 plius
769 2341 1009 2388 hominibus
1030 2335 1184 2394 prosit,
1215 2330 1406 2389 superius
1428 2328 1694 2371 demonstra-n
1740 2335 1742 2339 ⁴

326 2366 408 2407 ,illa
434 2358 546 2416 quod
572 2369 635 2396 am

910 2407 1132 2467 legerimus
1157 2403 1269 2459 quod
1290 2399 1493 2456 scriptum
1515 2406 1576 2440 est
1590 2430 1602 2447 ‚
1629 2397 1694 2439 ‹li-

338 2433 500 2476 vimus:
521 2426 594 2467 sed
620 2431 760 2464 tamen
786 2429 882 2456 cum

340 2510 461 2546 cente
475 2499 564 2540 Deo
585 2508 594 2536 z
626 2509 640 2530 α
657 2484 990 2539 Honorilicantes
1006 2493 1070 2519 mc
1084 2471 1390 2519 honorificabo,
1409 2478 1451 2511 et
1473 2477 1694 2525 contemp-

340 2581 436 2615 »tor
457 2566 541 2611 mei
565 2564 726 2607 honore
755 2553 986 2615 privabitur
1009 2547 1021 2569 ³
1038 2580 1048 2596 ,
1071 2565 1086 2585 »
1125 2544 1224 2587 licet
1251 2540 1372 2584 nobis
1393 2555 1443 2583 ex
1468 2538 1534 2583 his
1554 2536 1692 2582 verbis
1740 2572 1742 2576 .

383 2671 397 2698 ξ
412 2661 498 2694 Gen.
515 2667 566 2695 ιιι,
588 2653 638 2691 14.
656 2666 698 2676 -
712 2659 724 2675 2
742 2647 830 2681 Ibid.
847 2663 886 2671 --
900 2646 914 2668 3
931 2653 943 2673 1
961 2641 1040 2680 Reg.
1058 2647 1094 2675 u,
1117 2635 1170 2666 50.
