1742 3233
444 305 496 332 DE
530 306 627 334 cim
659 306 711 334 ET
748 305 879 349 ABELQ
904 305 982 331 Lm.
1022 303 1050 331 1.
1346 289 1436 347 369

74 383 263 426 »lissimo
293 390 387 423 vota
416 390 486 424 tua
512 383 541 424 ¹.
568 402 583 422 »
614 383 803 425 Laudare
838 382 973 422 Deum
994 414 1003 428 ‚
1037 381 1337 423 commendare
1372 390 1438 425 est

71 461 236 501 Totum,
255 459 295 493 et
308 453 478 493 solvere.
500 453 617 493 L'nde
636 460 677 494 et
694 451 979 492 Samaritanus
996 450 1063 491 ille
1077 450 1165 491 aliis
1184 451 1434 501 antefertur,

73 524 146 580 qui
175 538 272 565 cum
301 521 471 579 leprosis
506 522 593 563 aliis
625 536 776 563 novem
804 520 1038 562 secundum
1064 528 1322 577 praeceptum
1353 522 1438 563 Do·

73 592 196 641 mini,
216 593 441 633 mundatus
459 606 480 632 a
502 593 617 649 lepra
634 624 643 639 ‚
668 593 778 633 solus
806 606 1016 647 regressus
1035 592 1086 631 ad
1107 590 1324 633 Christum
1342 607 1438 633 am·-

73 661 288 719 p'iificabat
302 662 453 709 Deum,
473 669 514 702 et
527 662 676 718 agebat
693 661 856 718 gratias.
885 660 946 701 De
960 675 1043 716 quo
1056 658 1180 701 Jesus
1200 661 1282 701 ait:
1310 678 1325 698 α
1341 661 1436 703 Non

74 731 182 773 »fuit
207 747 259 773 ex
284 731 362 773 illis
393 730 464 787 qui
491 731 668 780 rediret,
702 739 744 772 et
766 730 916 787 gratias
946 737 1086 787 ageret
1114 730 1226 778 Deo,
1256 730 1335 771 nisi
1364 730 1438 773 hic

75 820 92 840 »
108 800 406 857 alienigena...
435 800 486 841 Et
510 800 564 841 ait
590 800 647 841 issi
667 814 676 841 ε
707 799 866 857 Surge,
895 808 937 842 et
957 801 1090 848 vade3
1115 800 1210 856 quia
1238 799 1342 841 fides
1365 808 1438 842 tua

75 890 92 910 2)
108 880 147 913 te
169 872 329 912 salvum
350 869 448 911 fecit
463 868 491 911 ².
520 888 536 908 »

135 938 320 982 XXXV.
357 939 428 980 Est
452 939 577 980 etiam
601 940 670 981 illa
693 941 1043 981 commendandae
1066 938 1265 981 orationis
1289 948 1331 981 et
1351 940 1440 982 voti

77 1008 322 1065 disciplina;
347 1016 393 1049 ut
416 1023 500 1049 non
530 1009 790 1066 divulgemus
815 1010 1070 1057 orationem,
1095 1010 1168 1051 sed
1193 1011 1442 1053 abscondita

81 1087 296 1121 teneamus
315 1078 536 1134 mysteria,
563 1078 671 1120 sicut
691 1079 825 1120 tenuit
847 1078 1060 1120 Abraham
1074 1110 1085 1127 ‚
1111 1079 1183 1135 qui
1209 1080 1444 1122 subcineri-

80 1150 165 1192 cias
192 1148 342 1191 fecit.
313 1147 325 1168 ³
377 1149 623 1191 Tenuerunt
651 1156 692 1191 et
722 1156 861 1205 panes
889 1148 960 1205 qui
987 1164 1136 1191 coxere
1165 1163 1442 1207 conspersum

82 1221 198 1277 quod
211 1220 447 1261 extuletant
473 1220 523 1260 de
541 1219 619 1260 Εσ
595 1226 738 1276 g>p10‚
759 1218 1037 1260 subcinericia
1059 1218 1259 1261 facientes
1278 1235 1443 1299 azymi?

80 1306 224 1348 quaen
200 1304 332 1331 fflaece
354 1295 513 1348 ἐγκρὺφια
531 1289 754 1338 dicuntur,
780 1304 829 1330 co
853 1288 967 1345 quod
991 1289 1336 1331 abscondantui
1324 1306 1367 1331 ιιι
1390 1306 1450 1332 ex·

82 1323 498 1418 11ere3³³significantes
514 1359 767 1401 fermentum
785 1358 902 1407 illud,
923 1359 1038 1415 quod
1053 1359 1275 1401 abscondit
1287 1360 1448 1403 mulier

86 1429 157 1471 illa
178 1430 416 1487 evangelica
441 1428 483 1470 in
509 1428 646 1470 farinae
663 1428 868 1470 mensuris
891 1428 1044 1477 tribus,
1069 1430 1204 1470 donec
1223 1429 1452 1472 sermenta-

86 1506 206 1540 retur
223 1506 360 1540 totum
378 1497 410 1547 Δ,
429 1497 726 1555 mysteriorum
743 1513 910 1555 quoque
928 1498 1149 1540 innuentes
1172 1502 1452 1556 premendam

88 1583 178 1611 esse
226 1568 470 1610 doctrinam.
513 1567 640 1618 Quod
677 1567 858 1625 apertius
893 1568 1099 1610 Dominus
1140 1569 1182 1610 in
1221 1570 1454 1627 Evangelio

90 1638 235 1682 docuit
253 1638 416 1681 dicens:
444 1656 458 1676 α
481 1638 543 1680 Tu
562 1646 701 1680 autem
721 1654 819 1680 cum
841 1639 995 1687 orabis,
1015 1639 1123 1681 intra
1142 1639 1184 1681 in
1203 1641 1454 1686 cubiculum

90 1716 260 1759 nuum,
283 1717 339 1758 et,
371 1710 511 1751 clauso
534 1709 656 1756 ostio,
680 1709 847 1751 Patrem
872 1717 991 1751 tuum
1011 1724 1082 1751 ora
1110 1710 1152 1751 in
1180 1711 1455 1761 abscondito,

91 1797 108 1818 ι)
122 1788 164 1821 ct
183 1780 307 1822 Pater
329 1788 440 1828 tuus,
463 1779 532 1834 qui
552 1779 665 1820 videt
687 1778 727 1819 in
752 1780 997 1821 abscondito
1011 1813 1022 1829 ,
1046 1780 1194 1823 reddet
1211 1782 1311 1823 tibi:
1335 1798 1458 1825 orau-

93 1859 186 1894 »tes
211 1857 351 1891 autem
374 1848 502 1890 nolite
525 1850 706 1890 multum
737 1849 852 1905 loqui
874 1866 885 1897 ,-
909 1868 925 1888 n
962 1858 1004 1891 et
1030 1849 1159 1898 infra;
1191 1868 1206 1888 «
1231 1851 1319 1893 Scit
1343 1853 1459 1895 enim

94 1940 111 1965 υ
122 1922 246 1964 Pater
257 1927 392 1962 vester
405 1918 506 1975 quid
522 1918 640 1959 vobis
658 1933 763 1975 opus
781 1918 847 1967 sit,
865 1927 1088 1975 autequam
1099 1920 1249 1976 petatis
1266 1922 1452 1964 abeam

96 1991 352 2034 Cubiculum
382 1998 526 2037 tuum,
560 1988 710 2031 mentis
741 2004 941 2031 arcanum
960 2021 972 2038 ,
1006 1989 1218 2046 animique
1246 2000 1463 2034 secretum

94 2069 170 2103 est.
191 2046 249 2102 ¹In
279 2059 360 2102 hoc
384 2058 629 2101 cubiculum
652 2066 772 2100 tuum
796 2059 929 2107 intra,
955 2058 1036 2100 hoc
1057 2067 1142 2108 est,
1173 2060 1280 2102 intra
1304 2062 1347 2103 in
1375 2064 1461 2106 alta

94 2129 350 2190 praecordia,
371 2137 482 2171 totus
509 2128 728 2186 ingredere
751 2128 802 2170 de
826 2128 1013 2187 corpoxis
1034 2129 1095 2171 tui
1117 2131 1313 2209 exteriori
1333 2132 1465 2176 iesti-

93 2200 214 2249 bulo,
238 2207 281 2242 et
300 2199 446 2241 claude
464 2198 617 2241 ostium
638 2207 771 2241 tuum.

153 2267 361 2314 XXXVI.
398 2268 525 2320 Quod
537 2268 588 2310 sit
600 2268 754 2310 ostium
769 2276 906 2318 tuum,
920 2268 1035 2311 disce
1055 2284 1063 2310 :
1082 2287 1097 2308 α
1113 2270 1243 2320 Pone,
1263 2272 1467 2324 Domine,

96 2337 364 2382 ‚custodiam
391 2338 454 2380 ori
475 2353 594 2387 meo,
625 2346 666 2379 et
698 2338 852 2380 ostium
875 2338 1076 2381 circuitus
1106 2341 1228 2383 labiis
1250 2342 1358 2384 meis
1375 2343 1407 2387 ὅ.
1437 2360 1461 2386 t

98 2408 152 2452 Et
171 2409 325 2451 Paulus
347 2407 451 2466 petit
473 2408 581 2450 orari
604 2422 680 2466 pro
698 2424 741 2450 se
762 2424 771 2450 :
800 2426 815 2446 α
838 2409 891 2450 L't
916 2409 1126 2467 aperiatur
1147 2411 1278 2462 mihi,
1303 2413 1470 2470 inquit,

99 2479 285 2525 »ostium
303 2478 418 2521 verbi
435 2511 446 2528 ‚
471 2480 524 2521 ad
544 2479 804 2537 loquendum
830 2480 1078 2536 mysterium
1103 2480 1258 2525 Christi
1281 2481 1311 2525 ⁷.
1338 2501 1358 2522 »
1382 2483 1472 2528 Sed

112 2612 124 2615 μ
147 2595 159 2611 ¹
185 2587 269 2620 Psoi.
292 2597 383 2627 mx,
410 2587 522 2627 14.,-
549 2596 561 2610 ²
593 2588 670 2621 Luc.
696 2598 776 2625 xvu,
802 2587 858 2626 18,
887 2598 934 2630 ¹9·
949 2606 988 2618 -.-
1010 2589 1120 2621 ³Gen.
1139 2601 1233 2629 xviii,
1254 2590 1285 2624 6.
1307 2609 1347 2616 —
1364 2592 1476 2626 tnnc.

99 2649 176 2681 λιιι,
197 2651 245 2672 π.
263 2659 303 2665 -
319 2643 332 2664 ³
349 2641 466 2675 Mauh.
484 2653 531 2680 vn,
548 2641 616 2674 5-8.
635 2660 674 2666 -
694 2643 708 2664 ⁶
726 2642 810 2675 Psa!.
828 2652 898 2683 cn,
914 2641 944 2674 5.
962 2660 1002 2666 -
1019 2649 1030 2671 7
1051 2642 1172 2676 coloss.
1193 2655 1239 2682 ιν.
1258 2644 1295 2678 3.

252 2710 332 2738 nv,
1018 2716 1025 2719 ·
1262 2716 1286 2742 2
1294 2702 1323 2751 ‘i
