1747 3260
391 259 402 276 ³

291 292 350 334 38
840 305 871 333 s.
913 306 1110 334 AMBROSII'

289 390 388 424 nest<
403 382 521 424 vobis
537 382 579 423 in
591 382 806 424 mensibus
832 383 927 424 anni
943 416 953 432 ,
980 402 993 421 »
1027 382 1212 441 primum
1236 396 1448 431 mensen1;
1468 398 1644 428 vernum

289 460 457 509 tempus
485 454 707 511 appellans.
737 452 924 494 Decebat
953 453 1065 494 enim
1089 451 1342 510 principium
1371 451 1466 494 anni
1486 454 1649 511 princi-

290 523 407 579 pium
419 537 507 564 esse
528 522 822 579 generationis,
842 530 882 564 et
904 523 1035 580 ipsam
1051 523 1366 580 generationem
1385 524 1646 569 mollioribus

292 592 402 633 auris
434 592 590 650 fover-i.-
618 592 761 648 Neque
794 592 906 633 enim
936 601 1104 649 possent
1133 601 1275 634 tenera
1308 608 1448 635 rerum
1479 595 1647 638 exor<11a

288 670 363 703 aut
380 655 802 718 asperioris'laborem
819 663 998 703 tolerare
1020 662 1201 719 frigoris,
1228 670 1298 704 aut
1314 663 1508 705 torrentis
1524 672 1648 706 aestus

299 731 496 787 injuriam
515 731 730 772 sustinere.
1279 723 1289 734 ’

350 800 463 843 XIV.
503 800 637 841 Simul
658 801 770 841 istud
791 802 1009 841 advertere
1026 801 1148 861 licet,
1174 799 1268 857 quia
1289 801 1381 857 jure
1405 803 1644 852 concurrit,

293 878 336 910 ut
362 884 411 910 eo
445 876 636 925 tempore
651 869 850 924 ‘videatur
879 869 921 910 in
950 868 1059 912 hane
1086 871 1397 926 generationem
1417 903 1428 918 ‚
1453 879 1575 928 atque
1604 872 1646 914 in

293 939 371 981 hos
396 955 493 980 usus
515 939 698 980 tributus
720 939 928 996 ingressus
943 972 953 987 ‚
982 953 1065 994 quo
1087 946 1277 996 tempore
1295 955 1345 980 ex
1370 939 1449 981 hac
1473 956 1651 998 genera-

293 1008 409 1049 tione
432 1008 473 1048 in
496 1008 854 1065 regenerationem
879 1016 944 1049 est
962 1008 1171 1065 legitimus
1196 1009 1408 1055 transitus„
1434 1009 1649 1066 Siquidem

290 1092 420 1118 verno
448 1086 638 1135 tempore
668 1077 741 1120 filii
770 1079 898 1120 Israel
927 1079 1157 1136 AEgyptum
1185 1079 1476 1135 reliquerunt,
1503 1088 1545 1122 et
1573 1097 1651 1139 per

292 1162 407 1189 mare
426 1149 695 1198 transierunt,
715 1148 915 1206 baptizati
938 1148 979 1189 in
1001 1149 1128 1197 nube,
1155 1156 1195 1190 et
1218 1149 1258 1189 in
1276 1149 1426 1206 maril,
1446 1158 1492 1192 ut
1513 1150 1650 1208 Apos-

296 1219 407 1259 tolus
436 1218 562 1259 dixit:
593 1227 634 1260 et
656 1233 705 1260 eo
727 1227 918 1276 tempore
945 1217 1113 1260 Domini
1136 1218 1357 1274 quotannis
1377 1218 1478 1261 Jesu
1496 1218 1650 1262 Christi

288 1287 449 1329 Pascha
476 1290 731 1336 celebratur,
756 1288 837 1330 hoe
849 1297 936 1337 est,
958 1289 1192 1330 animarum
1215 1289 1411 1330 transitus
1434 1305 1456 1330 a
1471 1289 1580 1332 vitiis
1598 1291 1651 1333 ad

291 1356 490 1397 virtutem
513 1390 522 1406 ,
557 1372 578 1397 a
609 1357 873 1414 passionibus
905 1357 1041 1398 carnis
1070 1358 1122 1398 ad
1153 1357 1328 1414 gratiam
1357 1359 1643 1401 sobrietatem—

291 1440 375 1481 que
397 1427 549 1468 mentis
565 1459 575 1475 ,
607 1442 627 1468 a
644 1427 817 1468 malitiae
834 1427 1114 1483 nequitiaeque
1137 1427 1342 1470 fermento
1366 1429 1418 1470 ad
1435 1429 1651 1471 veritatem

292 1503 337 1536 et
366 1495 660 1537 sinceritatem.
694 1496 962 1553 Regeneratis
994 1496 1133 1553 itaque
1158 1497 1339 1539 dicitur:
1370 1516 1384 1536 α
1405 1498 1555 1540 Mensis
1580 1499 1651 1542 hic

293 1583 309 1603 »ν
325 1565 615 1606 vobisinitium
627 1566 851 1614 mensium,
865 1566 1022 1623 primus
1032 1567 1217 1608 est·vobis
1227 1567 1267 1608 in
1280 1567 1492 1609 mensibus
1502 1567 1609 1610 anui.
1623 1586 1639 1607 »

290 1634 555 1691 Derelinquit
580 1636 692 1676 enim
720 1644 761 1677 et
794 1636 968 1685 deserit,
1001 1637 1071 1693 qui
1106 1635 1317 1685 abluitur,
1347 1637 1650 1694 intelligibilem

290 1703 409 1745 illum
428 1705 586 1746 Pharao
605 1706 838 1763 principem
861 1706 976 1748 istius
994 1707 1142 1748 mundi
1157 1739 1167 1755 ,
1193 1706 1335 1748 dicens
1357 1722 1366 1748 t
1404 1725 1418 1745 «
1432 1699 1652 1750 Abrenunss

290 1774 351 1816 tio
378 1775 466 1824 tibi,
489 1776 669 1825 diabole,
689 1785 730 1819 et
752 1777 905 1835 angelis
923 1777 1005 1818 tuis
1021 1809 1032 1826 ,
1053 1784 1093 1818 et
1110 1768 1307 1834 operibus
1332 1777 1427 1826 tuis,
1457 1785 1498 1819 et
1515 1778 1651 1835 impe—

293 1844 365 1886 riis
389 1846 480 1888 tuis.
507 1864 522 1885 n
556 1846 642 1889 Nec
663 1846 750 1902 jam
771 1847 921 1888 serviet
942 1847 979 1888 ci
996 1881 1006 1895 ,
1027 1848 1093 1888 vel
1116 1847 1293 1888 terrenis
1320 1846 1445 1903 hujus
1464 1846 1650 1905 corporis

291 1915 557 1971 passionibus
573 1948 583 1964 ,
602 1917 667 1957 vel
689 1918 920 1974 depravatae
943 1916 1092 1957 mentis
1114 1910 1342 1973 erroribus)
1367 1917 1437 1972 qui
1462 1917 1651 1958 demersa

291 1984 408 2025 omni
429 1984 584 2026 malitia
599 2017 610 2033 ,
634 1985 726 2027 vice
742 1985 930 2043 plumbi,
951 1976 1071 2027 bonis
1088 1985 1284 2042 operibus
1303 1986 1446 2026 dextra
1466 1986 1650 2042 laevaque

289 2054 479 2095 munitus
499 2054 702 2097 inoffenso
725 2055 866 2097 saeculi
887 2054 1013 2112 h'ujus
1036 2055 1140 2097 freta
1162 2056 1301 2097 studet
1326 2055 1501 2097 transire
1524 2055 1652 2098 vesti—

291 2123 375 2180 gio.
390 2123 445 2175 ‚In
467 2123 574 2165 libro
593 2139 776 2180 quoque,
797 2125 866 2180 qui
885 2123 1129 2166 inscribitur
1139 2126 1190 2166 de
1208 2125 1417 2173 Numeris',
1442 2124 1496 2166 ait
1513 2123 1652 2183 Scrip-

291 2201 387 2235 tura
409 2207 418 2234 :
444 2193 644 2235 «Initium
661 2194 879 2235 nationum
897 2193 1083 2243 Amalec,
1100 2203 1142 2236 et
1154 2206 1296 2236 semen
1313 2193 1403 2250 ejus
1419 2192 1639 2251 peribit‘2.'»

292 2263 345 2305 Et
367 2263 513 2320 utique
532 2279 615 2305 non
637 2264 825 2306 omnium
850 2265 1068 2306 nationum
1085 2264 1245 2322 primus
1267 2272 1329 2306 est
1350 2263 1550 2312 Amalec3
1575 2264 1650 2306 sed

288 2333 388 2390 quia
404 2348 480 2391 per
499 2334 887 2391 interpretationem
906 2333 1074 2376 Amalec
1099 2333 1158 2392 (2)
1178 2342 1253 2375 'rex
1269 2334 1474 2392 accipitur
1486 2333 1650 2389 iniquo—

289 2417 411 2451 rum3
436 2403 565 2460 iniqui
587 2411 726 2446 autem
740 2411 892 2461 gentes
913 2411 1011 2445 sunt
1032 2419 1041 2445 :
1067 2403 1161 2446 vide
1177 2419 1231 2445 ne
1250 2403 1487 2461 principem
1500 2401 1648 2445 mundi

285 2472 632 2531 hujus-accipere
656 2475 903 2523 debeamus,
933 2473 1005 2531 qui
1028 2473 1206 2531 imperat
1223 2472 1474 2515 'nationibus
1495 2472 1649 2514 volun-

286 2550 418 2586 tatem
435 2543 833 2593 suamesacientibusj
853 2539 977 2601 cujus
987 2543 1331 2601 semeuzperi-bitt
1346 2549 1649 2585 sementautem

333 2641 344 2656 ¹
368 2642 380 2665 ι
395 2632 472 2665 Cor.
486 2644 519 2673 x,
540 2644 568 2673 1,
584 2639 614 2667 et
628 2643 718 2677 seqq.
732 2652 771 2658 —-
791 2644 802 2658 ²
823 2634 920 2667 Num.
936 2644 1028 2673 xxiv,
1049 2643 1098 2666 20.
