1742 3233
349 271 434 320 240
894 278 926 304 s.
967 273 1157 305 AMBnosn

349 370 426 404 test
448 373 628 402 currere.
659 357 742 399 Leo
771 356 927 413 gallum
951 363 993 397 et
1024 355 1203 397 maxime
1237 356 1378 398 album
1405 365 1584 400 veretur.
1616 358 1698 401 Ca·-

347 447 447 490 prea
480 431 693 471 vulnerata
727 426 988 467 dictamnum
1022 424 1110 481 (20)
1141 425 1267 482 petit,
1293 433 1334 466 et
1362 427 1412 467 de
1435 429 1604 469 vulnere
1625 444 1698 471 ex-

350 500 481 543 cludit
504 497 683 555 sagittas.
712 495 875 537 Norunt
905 502 947 536 et
978 493 1119 536 bestize
1150 494 1333 536 remedia
1366 510 1450 537 sua.
1483 496 1568 538 Leo
1591 512 1699 554 aeger

347 570 511 615 simiam
542 565 710 623 quaerit,
734 573 779 606 ut
801 566 990 612 devoret,
1015 579 1098 619 quo
1125 564 1254 621 possit
1280 564 1428 605 sanari.
1459 563 1698 622 Leopardus

351 654 510 697 caprcae
538 635 707 693 agrestis
736 633 979 690 sanguinem
1004 633 1133 681 bibit,
1165 641 1206 675 et
1234 633 1317 674 vim
1347 634 1526 690 langoris
1557 634 1693 678 evitat.

352 709 499 752 Omnis
526 707 612 748 sera
639 719 746 760 aegra
784 703 897 744 canis
931 703 1079 744 hausto
1112 711 1284 744 curatur
1321 703 1531 760 sanguine.
1576 705 1700 746 Ursus

347 796 459 837 aeger
476 777 670 819 formicas
689 776 870 816 devorat.
896 773 1051 814 Cervus
1068 775 1168 815 oleae
1185 776 1443 816 ramusculos
1466 775 1637 816 mandit.

409 847 586 892 XXVII.
622 845 732 901 Ergo
751 843 847 884 serie
866 850 1021 884 norunt
1038 851 1232 899 expetere
1249 858 1295 884 ea
1316 858 1407 899 quae
1427 844 1503 885 sibi
1525 843 1699 900 prosint,

350 928 396 962 tu
417 918 596 975 ignoras,
622 930 644 956 o
662 914 807 961 homo,
833 911 1016 954 remedia
1038 912 1136 953 tua?
1153 913 1217 955 Tu
1239 913 1371 954 nescis
1395 915 1605 969 quomodo
1620 915 1704 956 vir-

350 998 483 1032 tutem
507 985 655 1042 eripias
679 983 911 1026 adversario
926 1015 936 1030 ,
960 991 1005 1024 ut
1028 991 1069 1024 te
1092 991 1291 1039 tanquam
1319 992 1553 1041 praeventus
1580 986 1703 1042 lupus

350 1060 534 1115 effugere
565 1072 649 1098 non
675 1055 822 1112 possit,
847 1054 897 1095 'ut
926 1054 1049 1094 oculo
1073 1062 1154 1095 tuae
1182 1054 1332 1095 mentis
1363 1054 1453 1110 ejus
1486 1054 1704 1111 perfidiam

352 1128 662 1186 deprehendas,
698 1133 739 1166 et
768 1124 882 1180 prior
909 1138 1078 1164 cursum
1105 1123 1329 1164 verborum
1362 1123 1452 1179 ejus
1479 1124 1701 1181 impedias,

350 1196 654 1255 impudentiam
672 1194 762 1250 ejus
779 1202 821 1235 et
838 1208 1017 1234 acumen
1034 1194 1324 1250 disputationis
1342 1195 1562 1236 obtundas.
1580 1195 1706 1246 Quod

352 1270 386 1311 si
408 1277 447 1310 te
475 1268 541 1308 illc
559 1264 828 1322 praevenerit,
852 1279 998 1304 vocem
1016 1264 1090 1305 tibi
1114 1264 1247 1306 aufert
1269 1280 1277 1304 :
1303 1273 1344 1305 et
1368 1265 1400 1305 si
1419 1265 1702 1314 obmutueris,

353 1340 464 1381 solve
496 1335 694 1377 amictum
721 1343 840 1375 tuum
857 1365 869 1382 ,
896 1341 942 1373 ut
972 1348 1210 1375 sermonem
1233 1336 1426 1375 resolvas.
1454 1335 1505 1375 Et
1536 1335 1567 1375 si
1595 1335 1637 1375 in
1666 1342 1705 1377 te

336 1405 625 1457 >insurrexerit.
646 1405 792 1460 lupus,
812 1411 973 1459 petram
992 1418 1115 1459 cape,
1137 1412 1177 1445 et
1194 1404 1309 1461 sugit.
1332 1404 1452 1446 Petra
1480 1412 1546 1445 tua
1570 1404 1706 1446 Chris-

354 1488 419 1520 tus
437 1485 510 1518 est.
540 1474 582 1516 Si
604 1475 654 1515 ad
681 1473 894 1514 Christum
913 1472 1147 1529 confugias,
1167 1473 1271 1530 sugit
1289 1476 1410 1531 lupus
1426 1507 1435 1522 ,
1456 1490 1532 1516 nec
1550 1483 1706 1517 terrere
1741 1512 1742 1520 ,

353 1556 393 1589 te
421 1544 583 1603 poterit.
619 1544 736 1585 Hanc
769 1551 932 1600 petram
965 1543 1150 1598 qufcsivit
1181 1543 1350 1592 Petrus,
1387 1558 1484 1584 cum
1509 1544 1706 1586 titubaret
1739 1558 1742 1601 Q

352 1618 394 1659 in
431 1615 648 1661 fluctibus,
689 1621 730 1654 et
767 1612 952 1660 invenit3
1000 1613 1094 1670 quia
1131 1615 1345 1654 dexteram
1389 1615 1603 1670 amplexus
1645 1622 1706 1656 est
1738 1611 1742 1680 i

356 1687 523 1729 Christi.
1739 1699 1742 1701 ·

411 1756 522 1800 XXX
538 1756 609 1796 HI.
631 1753 763 1804 ‚Quid
789 1752 926 1794 dicam
955 1752 1049 1794 allio
1078 1751 1269 1793 homines
1293 1754 1515 1802 delectari,
1541 1762 1583 1795 et
1604 1754 1706 1796 illud

353 1829 408 1870 ad
434 1840 572 1868 escam
600 1838 789 1870 sumere,
820 1823 934 1878 quod
957 1831 998 1863 ct
1020 1824 1243 1878 leopardus
1276 1823 1409 1880 sugit?
1437 1823 1628 1879 Denique
1660 1823 1707 1865 si-

352 1897 451 1939 cubi
470 1895 611 1936 allium
631 1892 776 1948 aliquis
794 1891 1111 1933 confricandum
1129 1892 1357 1948 putaverit,
1377 1894 1598 1950 leopardus
1614 1893 1707 1934 indo

329 2008 333 2009 ⁷
353 1967 464 2010 exilit
481 1998 491 2014 ‚
510 1979 588 2006 nee
606 1962 771 2004 resistit.
796 1961 927 2018 Cujus
945 1970 1145 2003 venenata
1164 1962 1249 2004 sera
1271 1964 1444 2004 odorem
1467 1977 1551 2003 non
1570 1969 1706 2019 potest

355 2038 583 2082 sustinere,
608 2034 650 2074 id
668 2040 712 2074 tu
735 2047 810 2089 pro
837 2032 931 2073 cibo
950 2031 1100 2080 sumis,
1124 2040 1165 2073 et
1191 2032 1420 2074 visceribus
1441 2031 1623 2073 infundis
1645 2032 1708 2073 in-

342 2105 514 2160 ternis?
544 2104 627 2146 Sed
664 2103 1002 2150 medicamento,
1036 2117 1121 2144 non
1152 2117 1228 2158 pro
1259 2102 1354 2144 cibo
1384 2117 1392 2126 ·
1429 2109 1620 2143 sumatur
1656 2101 1705 2144 ab
1733 2103 1736 2150 Ξ

351 2175 671 2237 aegrotantibus,
691 2188 775 2214 uon
794 2173 843 2214 ab
863 2171 1142 2229 epulantibus,
1170 2172 1525 2213 Medicamentum
1541 2171 1703 2228 quaeris,
1732 2154 1735 2210 i

350 2258 394 2293 et
433 2245 640 2306 jejunium
682 2243 809 2300 fugis;
839 2242 955 2299 quasi
985 2241 1121 2298 majus
1159 2242 1273 2283 alind
1318 2241 1555 2283 remedium
1594 2240 1735 2298 repe-f

1738 1709 1742 1792 ,ῐῖ

1737 1805 1740 1852 l

1736 1859 1739 1885 ς

1735 1903 1739 1941 l

1736 1969 1738 1987 l

1734 2038 1737 2060 Λ

350 2322 434 2364 rire
464 2316 607 2376 possis.
639 2313 781 2371 Jejuni
817 2311 997 2355 hominis
1033 2320 1202 2369 sputum
1240 2312 1271 2353 si
1309 2327 1479 2370 serpens
1515 2318 1733 2369 gustam-1

349 2393 403 2435 rit
425 2422 436 2439 ,
474 2385 663 2429 moritur.
698 2383 823 2426 Vides
860 2390 1014 2439 quanta
1046 2382 1106 2424 vis
1137 2382 1283 2438 jejunii
1319 2383 1392 2431 sit3
1431 2390 1479 2423 ut
1515 2389 1557 2424 et
1587 2372 1731 2441 sputo}

351 2477 427 2505 suo
461 2459 589 2500 homo
620 2447 835 2497 terrenum
859 2459 1097 2510 serpentem
1121 2451 1366 2500 interficiat,
1391 2460 1432 2494 et
1452 2451 1603 2494 merito
1624 2450 1707 2509 spi-
1727 2445 1731 2506 l

353 2531 532 2574 ritalem.
1727 2569 1729 2575 ,

344 2576 346 2579 V
404 2596 567 2645 XXIX.
608 2595 820 2647 Quantam
860 2593 1064 2638 Dominus
1106 2594 1232 2637 etiam
1269 2592 1518 2637 minusculis
1554 2592 1730 2656 infudit?
