1742 3233
455 284 741 311 HEXAEMEnon.
782 283 860 311 mn.
898 285 947 311 vl.
1302 274 1380 315 261

26 361 216 419 corporis
239 369 299 402 est
323 361 556 409 venustior,
587 369 718 402 status
741 369 907 402 erectus
929 369 970 402 ct
995 362 1151 409 celsus;
1183 370 1227 403 ut
1250 379 1383 419 neque

31 432 212 475 enormis
239 431 466 488 proceritas
490 431 540 471 sit
556 463 566 478 ‚
591 446 727 486 neque
755 430 844 471 vilis
865 438 906 471 ct
929 430 1093 486 abjecta
1111 432 1346 487 pauxillitas
1371 448 1379 472 ε

33 511 120 544 tun]
139 502 225 558 ipsa
245 501 448 542 habitudo
473 499 659 556 corporis
682 500 816 541 suavis
839 508 880 540 et
906 508 1044 555 grata;
1072 507 1115 541 ut
1136 516 1270 556 nequo
1298 501 1387 542 bel-

29 572 143 613 luina
174 571 341 612 vastitas
370 569 533 611 horrori
565 569 641 617 sit,
678 585 756 610 nec
794 570 1001 625 gracilitas
1038 571 1174 611 tenuis
1207 570 1385 612 infirmi-

30 640 118 683 tati.

88 708 169 750 LV.
190 709 251 750 Ac
269 710 451 766 primum
470 710 659 750 omnium
685 725 987 766 cognoscamus
1004 710 1175 751 humaui
1199 711 1385 767 corporis

30 780 231 821 fabricam
263 780 391 821 instar
413 794 501 820 0550
532 780 694 821 mnudi.
726 780 943 836 Siquidem
976 788 1021 821 ut
1046 782 1199 821 coelum
1227 781 1386 822 eminet

26 850 130 898 -a'e'ri,
153 850 287 898 terris,
309 850 429 899 mari,
443 866 533 906 quac
550 853 664 891 velut
681 853 872 906 quandam
890 852 1077 892 membra
1094 859 1190 892 sunt
1203 851 1349 891 mundi
1370 866 1379 891 :

30 919 83 960 ita
106 920 231 960 etiam
250 928 375 976 caput
398 935 521 976 supra
548 921 729 976 reliquos
753 929 865 961 artus
885 920 1013 961 nostri
1039 920 1223 976 corporis
1243 919 1384 960 cerui-

30 1004 121 1030 mus
140 990 826 1046 eminere,praestantissimumque
848 1005 937 1030 0550
959 989 1166 1035 omnium,
1183 997 1383 1043 tanquam

30 1058 138 1099 inter
157 1060 364 1099 elementa
384 1060 556 1106 coelum,
577 1048 774 1114 tanquam
797 1073 935 1098 arcem
957 1058 1066 1098 inter
1089 1057 1246 1113 reliqua
1269 1058 1384 1097 urbis

31 1128 196 1169 moenia.
221 1128 267 1168 In
283 1143 377 1168 arce
394 1127 473 1168 hac
490 1129 670 1183 regalem
690 1129 913 1182 quamdam
934 1127 1122 1167 habitare
1140 1126 1385 1183 sapientiam

33 1198 265 1239 secundum
292 1197 584 1254 propheticum
619 1197 777 1237 dictum
801 1211 841 1236 :«
861 1196 969 1246 Quia
993 1196 1102 1237 oculi
1125 1195 1320 1252 sapientis
1344 1195 1385 1235 in

28 1285 46 1306 ο)
61 1267 196 1323 capite
218 1267 323 1323 ejus*
345 1282 353 1308 :
381 1268 519 1308 »hanc
541 1282 630 1307 0550
655 1267 814 1307 cacteris
837 1266 1052 1313 tutiorem,
1067 1274 1107 1306 ct
1130 1281 1181 1306 cx
1203 1265 1269 1306 illa
1293 1280 1386 1305 om-

31 1335 153 1376 nibus
186 1336 386 1376 membris
423 1335 606 1391 vigorem
643 1335 1034 1393 providentiamque
1072 1334 1238 1375 deferri.
1272 1333 1387 1384 Quid

30 1406 141 1447 enim
158 1407 288 1447 robur
309 1415 349 1447 et
371 1405 561 1447 validitas
579 1407 831 1447 lacertorum
846 1404 1053 1461 proficiat,
1068 1404 1169 1459 quid
1188 1403 1385 1445 velocitas

26 1476 206 1531 pedunn
235 1475 311 1515 nisi
337 1475 481 1530 capitis
499 1476 610 1515 velut
630 1473 828 1530 principis
850 1473 911 1513 sui
941 1472 1168 1529 imperialis
1191 1473 1383 1527 quaedam

30 1545 352 1586 adminiculetur
368 1546 579 1601 potestas?
596 1543 656 1583 Ex
673 1543 752 1584 hoc
770 1543 882 1583 enini
902 1551 972 1583 aut
992 1542 1277 1582 destituuntur
1295 1542 1386 1583 uni-

28 1631 160 1665 versa,
183 1623 252 1656 aut
268 1614 406 1656 omnia
421 1614 666 1654 fulciuntur.
683 1613 797 1663 Quid
811 1607 912 1669 >agat
930 1612 1146 1660 fortitudo,
1169 1612 1244 1652 nisi
1261 1613 1384 1653 oculo

29 1688 136 1729 duce
157 1694 300 1727 utatur
322 1686 374 1726 ad
394 1685 584 1742 praelium
598 1683 615 1724 P
629 1684 742 1734 Quid
760 1685 871 1740 suga,
892 1683 925 1724 si
944 1684 1047 1724 desit
1065 1684 1270 1725 obtutus?
1290 1683 1387 1725 Car-

29 1770 100 1797 cer
120 1763 182 1796 cst
211 1762 344 1796 totum
372 1768 523 1810 corpus
548 1754 770 1794 tenebroso
794 1754 1012 1794 inhorrens
1036 1753 1141 1801 situ,
1181 1754 1258 1794 nisi
1282 1769 1386 1794 ocu-

11 1825 166 1866 >lorum
188 1823 446 1865 illuminetur
470 1830 654 1879 aspectu.
675 1822 802 1872 Quod
821 1838 919 1878 crgo
944 1823 1005 1863 sol
1025 1830 1066 1863 ct
1083 1823 1180 1862 luna
1200 1822 1239 1862 iu
1259 1824 1382 1878 ‘coelo‚

29 1892 109 1934 hoc
128 1900 224 1934 sunt
245 1891 355 1932 oculi
378 1891 419 1932 in
441 1891 626 1932 homine.
650 1891 778 1932 Solet
796 1893 893 1933 luna
918 1893 1000 1933 duo
1024 1892 1171 1932 mundi
1193 1891 1350 1932 lumina
1371 1906 1382 1931 ε

25 1962 140 2004 oculi
173 1970 312 2004 autem
334 1962 525 2017 quaedam
550 1962 592 2002 in
624 1977 750 2003 carne
773 1961 906 2003 sidera
929 1962 1090 2019 fulgent
1113 1963 1317 2018 desuper,
1343 1969 1386 2002 et

9 2031 218 2073 inferiora
237 2032 349 2072 claro
368 2031 577 2072 illustrant
599 2031 775 2079 lumine,
802 2046 880 2072 nec
900 2032 1116 2088 patiuntur
1137 2032 1273 2073 noctis
1295 2031 1383 2086 qui-

25 2102 201 2144 busdam
222 2118 298 2143 nos
322 2101 506 2143 tenebris
529 2101 748 2158 implicari.
779 2101 1072 2158 Speculatores
1096 2102 1266 2158 quidam
1288 2116 1383 2142 nos-

0 2170 81 2213 111
108 2172 173 2213 die
203 2186 251 2212 ac
282 2178 406 2212 nocte
435 2171 657 2212 excubant.
686 2170 790 2212 Nam
814 2187 863 2212 ex
893 2186 1042 2228 sopore
1073 2168 1276 2212 membris
1301 2185 1386 2211 caev

0 2243 127 2284 *deris
145 2241 266 2283 'citius
283 2241 535 2288 excitantur,
555 2249 596 2283 et
612 2241 826 2298 vigilantes
846 2241 1200 2298 circumspectant
1219 2241 1384 2288 omnia;

0 2358 2 2376 ι
26 2310 246 2353 viciniores
269 2311 382 2352 enim
407 2319 504 2353 sunt
519 2310 717 2359 cerebro,
742 2312 854 2351 unde
878 2310 1013 2351 omnis
1036 2317 1178 2350 manat
1201 2325 1299 2350 usus
1322 2308 1387 2349 vi—

0 2379 2 2433 ξ
24 2380 166 2423 (leudi.
197 2380 341 2436 Neque
362 2395 459 2422 vero
481 2396 745 2438 praepropere
766 2379 987 2436 quisquam
1009 2379 1092 2420 huc
1116 2378 1386 2420 descendisse

0 2447 3 2514 ξ
29 2448 95 2492 ine
129 2452 292 2498 eredat,
327 2450 441 2506 quod
471 2451 618 2492 relicto
646 2450 802 2492 vertice
830 2450 975 2490 oculos
1002 2449 1252 2505 praedicem,
1286 2462 1388 2489 cum

0 2530 4 2576 't
33 2519 212 2561 alienum
234 2534 320 2561 non
351 2520 402 2561 sit
429 2535 639 2563 summam
669 2535 760 2561 rem
793 2519 834 2560 in
867 2525 986 2578 parte
1012 2518 1196 2560 laudare.
1228 2515 1388 2558 Oculos

77 2608 208 2652 ⁸-Eccle.
227 2619 266 2650 n,
284 2608 332 2647 ¹4·
