1742 3233
427 312 478 339 DE
510 309 740 342 PARADISQ,
760 309 881 341 mmm
914 307 1030 337 umis.
1328 297 1408 340 283

59 395 150 443 »est
161 403 173 438 3
192 385 264 429 ubi
281 395 343 429 est
358 387 641 430 carbunculus
655 419 668 437 ‚
686 395 728 429 et
748 385 850 443 lapis
872 386 1075 443 prasinus.
1105 385 1157 427 Et
1173 399 1329 428 nomen
1353 403 1411 430 se-

58 458 226 501 »cundo
253 457 372 501 Geon
394 473 403 499 z
428 457 496 500 hic
517 466 580 500 est
605 458 676 515 qui
698 456 849 499 circuit
869 471 1039 498 omnem
1061 455 1334 512 [Ethiopiam.
1360 458 1414 499 Et

57 528 245 571 »flumen
267 527 437 579 tertium
459 527 615 585 Tigris;
635 527 704 570 hic
726 535 789 568 est
811 526 881 583 qui
906 526 1016 568 vadit
1037 534 1183 567 contra
1206 524 1408 582 Assyrios.

57 598 139 641 »Et
164 597 323 647 flumen
354 605 551 653 quartum
581 605 644 640 est
674 597 908 654 Euphrates
929 594 960 637 ¹.
987 614 1002 635 »
1037 595 1136 637 Haec
1159 593 1285 651 igitur
1309 610 1415 650 qua-

58 676 154 710 tuor
176 676 273 709 sunt
301 667 500 717 flumina,
532 667 614 709 hoc
649 675 712 709 est
743 667 975 708 secundum
1001 665 1213 707 Hebraeos.
1245 664 1410 721 Ganges

59 746 198 780 autem
230 739 462 780 secundum
485 737 676 787 Graecos,
706 737 778 793 qui
805 736 898 778 ssuit
919 743 1064 776 contra
1094 734 1270 777 Indiam.
1300 734 1418 776 Geon

59 816 198 850 autem
222 808 362 857 Nilus,
389 808 459 865 qui
490 807 640 849 circuit
667 815 823 848 terram
854 806 1023 863 AEgypti
1051 807 1115 847 vel
1140 805 1412 861 AEthiopiam.

58 878 354 936 Mesopotamia
367 887 506 920 autem
524 878 692 926 dicitur,
708 878 823 934 quod
835 877 968 933 Tigris
983 876 1270 932 etEuphrates
1289 875 1421 916 inclu-

60 948 187 989 serint
204 964 321 997 eam3
344 963 393 989 eo
416 949 530 1004 quod
552 948 659 990 inter
678 950 761 989 duo
785 947 875 989 haec
898 946 1071 988 ssumina
1089 946 1314 987 constituta
1339 945 1417 993 sit,

59 1019 174 1074 quod
193 1018 319 1059 etiam
339 1019 461 1076 longe
479 1018 623 1074 positis
640 1032 795 1058 nomen
808 1017 946 1074 ipsum
962 1025 1004 1057 et
1020 1016 1162 1073 opinio
1182 1015 1418 1056 communis

59 1087 271 1144 expressit.
303 1087 387 1130 Sed
412 1088 769 1143 quemadmodum
799 1086 889 1127 sons
915 1086 1069 1127 dicitur
1090 1084 1303 1141 Sapientia
1324 1083 1413 1125 Dei.

58 1156 171 1200 Fons
189 1157 301 1198 enim
319 1165 380 1198 est
392 1159 625 1198 secundum
637 1156 910 1213 Evangelium
926 1156 1068 1196 dicens
1084 1170 1092 1195 :
1109 1173 1125 1193 «
1144 1154 1186 1196 Si
1204 1155 1295 1210 quis
1312 1154 1418 1201 sitit,

60 1225 227 1268 »veniat
252 1228 304 1268 ad
323 1242 392 1268 me
408 1235 449 1269 et
469 1226 587 1268 bibat
603 1226 641 1267 ²:
669 1245 684 1266 »
711 1226 802 1268 sons
825 1234 887 1268 est
908 1234 950 1268 et
977 1227 1211 1267 secundum
1234 1224 1418 1280 Prophe-

60 1304 146 1338 tam
167 1297 238 1353 qui
257 1297 314 1339 ait
333 1312 342 1338 :
374 1315 389 1335 «
412 1296 564 1339 Venite
587 1305 629 1338 ct
650 1296 761 1338 edite
785 1298 836 1337 de
858 1295 961 1337 meis
989 1295 1169 1352 panibus
1185 1327 1196 1344 ,
1220 1303 1263 1336 et
1287 1294 1420 1335 bibite

61 1365 233 1407 »vinum
263 1367 378 1422 quod
400 1366 550 1407 miscui
582 1366 700 1407 vobis
729 1365 758 1407 ³.
796 1384 811 1405 »
852 1366 971 1407 Sicut
993 1380 1092 1422 crgo
1118 1365 1211 1406 sons
1243 1364 1335 1406 vitae
1357 1371 1421 1405 est

61 1435 289 1493 Sapientia,
302 1435 394 1477 sons
408 1436 547 1492 gratiae
565 1435 759 1492 spiritalis
775 1451 785 1476 ε
810 1435 866 1476 ita
882 1436 974 1477 sons
993 1435 1195 1477 virtutum
1219 1442 1281 1476 est
1298 1441 1425 1475 caete-

61 1520 223 1554 rarum,
248 1520 339 1561 quae
364 1521 439 1547 nos
462 1507 514 1546 ad
540 1514 703 1547 aeternae
726 1520 898 1547 cursum
922 1505 1108 1562 dirigunt
1124 1505 1230 1546 vitae.
1261 1504 1322 1545 Ex
1342 1504 1421 1545 hac

62 1573 188 1632 igitur
216 1574 353 1615 anima
382 1590 472 1631 quae
504 1576 614 1616 culta
638 1583 720 1623 est,
752 1590 839 1616 non
869 1590 920 1616 ex
951 1590 998 1616 ea
1023 1590 1114 1630 quae
1146 1574 1301 1615 inculta
1333 1573 1425 1614 sons

63 1644 139 1691 iste
156 1644 363 1701 procedit,
390 1653 436 1686 ut
452 1645 596 1702 irriget
612 1645 869 1702 paradisum,
883 1645 964 1686 hoc
983 1653 1058 1693 cst,
1079 1645 1270 1700 quaedaln
1292 1642 1425 1684 diver-

63 1729 203 1765 sarum
223 1714 377 1756 fruteta
395 1715 614 1763 virtutum,
629 1730 807 1771 quarum
825 1723 922 1757 sunt
940 1722 1122 1771 quatuor
1141 1714 1256 1755 initia
1274 1713 1315 1753 in
1333 1728 1424 1769 quae

64 1785 266 1842 sapientia
284 1786 358 1828 ista
383 1786 597 1828 dividitur.
621 1786 725 1837 Quae
743 1794 840 1827 sunt
861 1794 1040 1842 quatuor
1062 1784 1176 1826 initia
1197 1784 1398 1826 virtutum
1413 1815 1423 1830 ‚

63 1855 142 1902 nisi
159 1870 292 1896 unum
316 1856 571 1912 prudentiae,
599 1856 713 1897 aliud
730 1855 1038 1913 temperantiae,
1063 1854 1235 1896 tertium
1256 1853 1426 1895 sortitu-

66 1925 187 1974 dinis,
213 1935 409 1982 quartum
425 1927 594 1983 justitiae
610 1927 627 1968 Ξ)
650 1928 754 1978 Quae
772 1928 899 1970 etiam
917 1927 1123 1983 sapientes
1141 1925 1257 1967 istius
1275 1925 1424 1966 mundi

22 2018 31 2026 f
67 2009 119 2036 ex
136 1996 287 2046 nostris
311 2006 544 2054 assumpta,
573 1997 614 2039 in
636 2010 808 2039 suorum
832 1997 987 2054 scripta
1008 1997 1215 2038 librorum
1238 2004 1426 2037 transtu—

66 2066 207 2111 lerunt
227 2065 256 2112 ff.
279 2067 425 2123 Itaque
447 2067 555 2109 sicut
571 2068 661 2109 sons
679 2068 908 2125 sapientiae,
933 2067 988 2109 ita
1007 2067 1133 2108 etiam
1155 2066 1330 2108 flumina
1347 2066 1424 2107 ista

69 2143 251 2192 quatuor
272 2139 463 2193 quaedam
491 2153 542 2180 ex
567 2137 636 2184 illo
660 2138 775 2180 fonte
796 2138 1008 2180 manantia
1036 2146 1133 2179 sunt
1162 2137 1318 2179 fluenta
1341 2136 1427 2178 vir-

68 2214 219 2248 tutum.

125 2275 217 2320 XV.
254 2276 409 2336 Phison
432 2277 556 2334 igitur
581 2278 804 2334 prudentia
827 2285 913 2326 est,
938 2286 980 2318 et
1000 2277 1094 2319 ideo
1116 2278 1245 2319 hahet
1265 2278 1427 2318 bonum

70 2360 240 2395 aurum,
266 2347 532 2404 splendidum
557 2349 865 2389 carbunculum
882 2380 892 2395 ,
923 2355 964 2388 et
987 2347 1202 2404 prasinum
1226 2347 1422 2404 lapidem.

69 2414 232 2458 Aurum
259 2416 371 2457 enim
394 2431 469 2473 pro
493 2416 670 2462 inventis
691 2417 970 2474 prudentibus
996 2417 1240 2473 frequenter
1269 2417 1428 2474 accipi-

69 2501 174 2528 mus.
204 2487 322 2528 Unde
338 2494 379 2529 et
401 2486 605 2538 Dominus
626 2504 701 2545 per
720 2488 976 2545 Prophetam
998 2488 1078 2529 ait:
1110 2506 1125 2526 «
1146 2488 1253 2530 Dedi
1270 2487 1332 2529 illi
1350 2502 1427 2528 au-

117 2599 127 2615 *
145 2592 230 2624 Gen.
253 2571 475 2632 11‚10-14.—-
495 2604 508 2618 ²
525 2570 620 2628 doau.
637 2606 684 2628 vn
702 2620 710 2633 ‚
739 2595 789 2637 37.
806 2613 845 2620 ——-
864 2597 877 2619 3
896 2594 991 2627 Prov.
1009 2605 1054 2632 ix,
1072 2596 1103 2628 5.
1120 2612 1160 2619 -
1181 2596 1194 2622 ⁴
1208 2594 1300 2627 Plato
1313 2592 1371 2626 lib.
1390 2605 1431 2625 ιν.

71 2645 110 2677 de
124 2646 255 2688 Repub.
