1742 3233
378 276 427 302 DE
463 275 540 303 NOE
574 276 626 303 ET
665 276 783 304 Anca.
824 277 942 304 minsa
974 278 1087 306 mss.
1318 268 1402 323 489

53 367 172 401 mus;
191 352 283 409 quia
296 352 404 393 veris
424 361 610 411 tempore
627 354 753 395 etiam
771 364 1066 412 corruptarum
1083 356 1243 399 radices
1255 357 1404 398 vitium

53 425 256 482 pullulare
287 431 525 480 potuerunt.
570 425 686 466 [nde
720 432 761 465 et
798 424 898 465 illud
932 426 1090 481 majore
1124 426 1402 468 sollicitudine

0 527 1 536 ,
55 493 300 535 solvendum
325 493 524 542 arbitror,
555 494 649 550 quia
679 494 814 550 justus
843 495 960 552 prius
997 504 1087 551 ,qu'ae
1113 496 1399 553 voluptuaria,

55 578 179 620 quam
198 579 288 619 quae
301 564 533 605 necessaria
552 572 647 605 sunt
662 563 846 619 requirit.
870 565 1099 606 Neccssarii
1117 567 1227 607 enim
1245 566 1403 607 fructus

55 642 151 674 sunt
182 633 308 674 tritici
330 641 371 674 et
400 634 572 682 hordei,
598 633 685 675 sine
707 633 858 690 quibus
887 649 969 675 non
992 649 1210 691 possumus
1236 636 1371 676 vivere
1393 650 1401 675 :

54 702 197 743 vinum
217 710 354 744 autem
379 704 705 759 voluptuarium,
727 711 767 744 et
792 719 914 745 causa
937 704 1224 746 delectationis
1243 705 1399 746 datum.

57 772 182 823 Quod
208 773 303 828 quia
323 772 456 829 justus
478 781 561 822 est,
587 773 679 814 ideo
698 774 775 814 sibi
794 774 922 830 magis
940 774 1019 815 hoc
1039 774 1152 830 quod
1175 774 1408 815 secundum

55 849 158 890 erat,
174 857 298 897 quam
322 844 435 898 quod
452 843 633 899 primum
659 851 744 891 est,
770 843 1005 885 vindicavit.
1037 843 1276 885 Necessaria
1297 843 1410 883 enim

59 913 251 954 alimenta
273 913 437 954 vivendi
453 914 540 955 Deo
563 914 711 966 detulit
738 913 777 968 (3
792 915 827 969 1)
846 947 856 962 ‚
874 914 986 970 quod
1008 923 1109 956 erat.
1139 912 1409 970 Superssuum

57 991 196 1024 autem
220 983 361 1024 vinum
382 983 643 1031 hominibus,
666 993 706 1025 et
724 999 806 1024 non
829 984 1126 1025 necessarium.

117 1052 206 1094 CX.
245 1051 327 1094 Sed
357 1052 462 1093 forte
492 1053 604 1094 dicas
634 1053 689 1094 ita
714 1054 801 1095 sine
831 1062 933 1110 potu
965 1068 1047 1093 non
1075 1068 1196 1109 posse
1221 1052 1412 1094 homines

57 1122 216 1170 vivere,
244 1122 601 1177 quemadmodum
631 1123 757 1163 etiam
789 1122 877 1163 sine
909 1122 1016 1164 cibo.
1058 1122 1326 1164 Necessarius
1353 1130 1415 1163 est

59 1207 157 1249 ergo
183 1199 329 1249 potus,
355 1191 461 1232 sicut
485 1193 629 1233 cibus:
656 1207 738 1233 non
765 1193 918 1233 abnuo.
949 1192 1023 1233 Siti
1053 1191 1194 1248 utique
1219 1207 1415 1233 necessa-

59 1262 145 1303 rius
173 1278 194 1303 a
223 1262 405 1303 Domino
431 1262 681 1303 constitutus
712 1277 719 1302 :
747 1278 829 1303 non
853 1277 1054 1318 repugno.
1076 1263 1123 1303 Et
1150 1262 1241 1303 ideo
1268 1262 1319 1303 ad
1342 1277 1416 1319 po-

60 1339 151 1373 tum
174 1331 456 1372 necessarium
473 1331 609 1373 sontes
630 1342 671 1373 et
692 1331 864 1372 flumina
884 1331 1079 1372 convenit
1090 1332 1281 1373 derivare
1295 1365 1305 1380 ,
1326 1347 1416 1387 qua:

61 1417 145 1443 non
165 1402 309 1457 utique
335 1416 464 1442 manu
486 1400 666 1442 hominis
695 1401 841 1443 effecta
858 1434 868 1449 ,
898 1403 971 1443 sed
994 1401 1164 1443 Domini
1188 1401 1263 1442 Dei
1285 1401 1419 1442 nostri

61 1472 179 1528 jussu
205 1481 248 1513 et
270 1463 510 1528 operatione
537 1471 759 1513 fluxerunt.
792 1471 846 1513 At
869 1487 920 1514 ne
943 1472 1037 1528 quia
1067 1472 1246 1513 diximus
1269 1487 1418 1528 opera-

62 1542 219 1583 tionem
230 1541 415 1590 Domini,
435 1541 485 1583 ad
504 1541 605 1582 illud
623 1549 864 1597 retorqueas
882 1541 995 1596 quod
1018 1541 1205 1597 operatio
1231 1540 1334 1581 Ca'in
1359 1541 1420 1581 vi—

64 1612 189 1653 detur
211 1611 525 1652 maledictiones
543 1611 738 1652 habuisse
757 1628 767 1658 3
794 1610 1011 1652 considera
1031 1626 1112 1650 non
1133 1610 1420 1667 operationem

64 1682 276 1724 maledicti
298 1697 451 1723 nomen
475 1681 682 1738 accipere,
703 1683 775 1722 sed
795 1682 908 1737 quod
925 1680 1129 1736 scriptum
1147 1687 1232 1728 est;
1257 1679 1421 1736 operari

66 1751 231 1795 terram.
272 1753 356 1803 Qui
388 1752 500 1793 enim
532 1760 732 1808 operatur
753 1759 908 1792 terram
937 1750 1220 1791 mercenarius
1247 1758 1320 1791 cst.
1351 1750 1424 1790 Ille

67 1831 206 1865 autern
234 1837 318 1863 non
350 1822 655 1869 mercenarius,
687 1823 760 1862 sed
788 1821 1018 1868 Dominus,
1044 1820 1116 1876 qui
1141 1821 1224 1861 ait:
1259 1839 1272 1857 «
1302 1820 1424 1861 Pater

67 1911 82 1932 »
97 1908 214 1933 meus
236 1893 505 1947 usquemodo
524 1899 735 1947 operatur,
760 1898 801 1931 et
823 1906 898 1947 ego
917 1905 1069 1946 operor
1090 1889 1119 1930 ¹.
1144 1907 1158 1926 »
1189 1888 1303 1939 Quid
1328 1904 1425 1945 ope-

9 1989 14 1995 ·
67 1970 184 2003 ratur
199 1960 441 2017 hujusmodi
463 1969 658 2017 operator
678 1959 695 2000 Ξ)
718 1960 827 2002 Audi
849 1975 857 2000 :
891 1960 1037 2000 «Meus
1061 1959 1178 2000 cibus
1197 1967 1274 2007 est,
1299 1967 1343 2000 ut
1364 1958 1424 1999 sa-

69 2050 84 2071 »
99 2031 206 2073 ciam
226 2033 483 2072 voluntatem
503 2029 636 2071 Patris
660 2030 740 2070 mei
756 2062 766 2077 ,
786 2030 855 2085 qui
879 2029 920 2070 in
942 2030 1056 2070 coelis
1074 2037 1135 2069 est
1153 2028 1182 2069 ².
1205 2048 1219 2065 »

131 2100 241 2142 CXI.
291 2118 306 2137 «
328 2100 380 2141 Et.
402 2099 524 2146 bibit,
550 2099 698 2155 inquit,
726 2099 774 2139 de
801 2098 921 2146 vino,
945 2106 987 2139 et
1010 2098 1238 2139 inebriatus
1260 2107 1322 2139 est
1339 2098 1368 2139 ²³.
1402 2117 1416 2136 ))

70 2170 164 2213 Non
189 2169 290 2212 dixit
311 2185 319 2210 ε
352 2188 366 2206 α
389 2168 545 2210 Vinum
566 2169 673 2209 bibit
693 2185 706 2228 ;7
730 2188 744 2205 »
779 2184 930 2224 neque,
962 2187 976 2206 (ι
1002 2168 1148 2209 «Iustus
1170 2168 1314 2209 viuum
1336 2168 1428 2209 ehi—

71 2241 162 2288 bit3
188 2258 202 2278 »
239 2241 328 2288 scd,
345 2258 359 2276 s<
384 2239 445 2281 De
469 2239 586 2287 vino,
607 2257 622 2277 »
654 2239 736 2279 hoc
759 2247 844 2285 est,
875 2239 924 2278 de
944 2237 1033 2292 ejus
1057 2238 1248 2294 portione
1268 2238 1423 2279 libavit.

73 2309 236 2351 Ebriosi
263 2317 323 2350 est
346 2323 469 2349 omne
493 2309 716 2350 absorbere
743 2308 885 2348 vinum
903 2340 912 2354 ,
931 2314 972 2347 et
995 2307 1312 2363 intemperantis
1335 2322 1432 2348 eva-

75 2396 200 2424 cuare
225 2381 338 2436 quod
367 2379 621 2436 sumpserit:
649 2378 880 2419 continenti
908 2384 1049 2419 autem
1079 2377 1283 2417 utendum
1313 2392 1434 2417 men—

73 2467 168 2494 sura
200 2450 383 2507 legitima
413 2456 486 2490 est.
520 2448 746 2489 Ebrietatis
778 2448 916 2504 itaque
951 2447 1108 2504 species
1139 2446 1305 2503 gemina
1338 2454 1400 2487 est
1422 2478 1431 2494 ‚

75 2536 158 2564 nna
190 2535 282 2577 quae
320 2518 617 2561 titubationem
652 2517 819 2574 corpori
854 2517 1024 2563 afferat,
1057 2525 1181 2573 atque
1214 2516 1304 2572 ejus
1333 2532 1433 2574 sup—

123 2620 134 2636 ‘
153 2611 246 2644 Joan.
266 2622 297 2650 v,
322 2622 369 2653 ¹7·
386 2629 424 2637 σ-
450 2623 460 2635 ¹
484 2610 708 2649 ld.1v,4.-—
730 2612 743 2634 ³
760 2611 973 2648 Gen.1.x,21.
