1742 3233
478 296 530 323 DE
565 295 773 323 Annum.
809 296 888 325 Lm.
927 300 970 326 11.
1314 295 1399 339 563

105 374 197 418 XV.
233 373 502 416 Descendens
531 381 670 416 autem
697 373 910 418 Abraham
942 378 982 419 in
1010 379 1258 439 AEgyptum³
1279 418 1290 435 ‚
1317 388 1398 433 hoc

48 452 132 492 est,
158 446 210 486 ad
232 443 339 485 seros
359 451 401 484 et
418 443 619 485 barbaros
641 459 800 493 mores,
825 446 895 501 qui
917 448 1060 491 virtuti
1085 452 1245 495 deferre
1269 459 1401 500 nesci-

48 522 164 562 rent,
188 529 240 555 ne
262 521 460 555 nocerent
482 529 556 570 per
571 513 790 561 invidiam,
810 514 909 557 dixit
928 517 1039 559 Sarae
1072 535 1123 561 ne
1155 537 1198 564 se
1224 540 1399 569 uxorem

49 585 140 641 ejus
163 584 339 632 diceret,
374 585 445 624 sed
467 599 653 625 sororem
680 585 917 640 appellaret.
951 586 1004 628 Et
1023 587 1121 630 hinc
1145 596 1301 648 grande
1324 598 1403 638 vir-

48 654 150 697 tutis
183 653 456 711 mysterium,
481 649 548 695 cui
572 654 654 695 cito
689 654 927 697 invidetur:
945 656 998 698 Et
1019 657 1112 700 ideo
1139 669 1183 702 ut
1203 663 1401 708 invidiam

48 724 270 782 reprimat,
296 723 562 766 humiliorem
580 740 621 766 se
643 733 837 782 praestare
860 727 997 770 debet.
1026 729 1117 771 Non
1139 732 1217 774 sibi
1239 734 1401 790 princi-

47 787 195 853 patum
233 809 358 851 super
383 809 528 836 onmes
556 794 740 837 vindicet
768 811 776 836 :
811 811 895 837 non
932 797 1009 839 sibi
1041 801 1116 840 soli
1148 803 1400 859 sapientiam

51 863 168 920 quasi
198 863 455 920 praecipuan]
486 872 672 923 arrogep
694 865 793 906 Haec
822 874 903 915 est,
937 882 1061 923 quam
1092 870 1170 911 sibi
1204 872 1405 917 Salomon

49 948 227 974 uxorem
262 933 491 989 acquisivit.
526 935 636 975 [xor
665 935 778 976 enim
816 936 1027 994 praecipue
1055 947 1117 980 est
1148 942 1220 982 uni
1249 944 1401 988 debila.

50 1002 199 1059 ltaque
222 1018 367 1044 omnes
391 1004 567 1060 cupiunt
589 1005 659 1045 tali
684 1020 725 1046 se
747 1008 897 1061 copula
921 1007 1065 1063 dignos
1084 1009 1238 1059 videri,
1264 1021 1310 1054 ut
1331 1015 1410 1055 do—

49 1073 164 1116 leant
185 1074 364 1130 aliquem
386 1074 464 1114 sibi
485 1073 684 1130 praeferri.
709 1073 813 1125 Quis
838 1083 953 1117 tanta
978 1079 1088 1119 solus
1109 1081 1293 1136 patiatur
1312 1086 1412 1140 pul-

52 1142 325 1186 chritudine?
345 1144 473 1184 Soror
506 1151 647 1184 autem
675 1145 858 1198 quodam
883 1146 950 1186 vel
974 1145 1068 1201 jure
1096 1152 1383 1204 germanitatis
1401 1188 1411 1203 ‚

53 1215 119 1255 vel
140 1213 308 1255 nomine
339 1213 550 1270 plerisque
576 1212 782 1254 sociatur:
810 1213 862 1254 Et
886 1214 979 1256 ideo
1005 1231 1151 1259 verum
1186 1229 1414 1266 amatorem

55 1298 182 1325 suum
205 1283 412 1340 integrum
430 1284 480 1324 ab
503 1282 657 1338 injuria
678 1293 874 1325 reservat.

112 1353 225 1396 XVI.
264 1354 381 1394 [nde
401 1353 589 1394 videntes
610 1367 701 1394 eam
726 1354 930 1410 sEgyptii,
952 1356 1021 1412 qui
1045 1372 1128 1398 non
1145 1370 1316 1416 possent
1333 1362 1413 1404 dis-

59 1436 249 1470 cernere,
265 1437 343 1464 nec
364 1422 529 1464 virtutis
546 1422 724 1464 sormam
748 1438 1018 1480 cognoscere,
1033 1429 1191 1484 vulgari
1203 1432 1417 1474 aestiman-

57 1501 120 1535 tes
136 1493 295 1550 judicio
311 1526 321 1541 ,
342 1493 597 1534 induxerunt
613 1494 662 1534 ad
684 1501 911 1549 tyrannum
926 1527 936 1543 ‚
957 1495 1038 1538 hoc
1062 1506 1149 1547 est,
1164 1500 1214 1540 ad
1227 1511 1413 1545 mentem

53 1564 306 1621 superbam,
331 1578 421 1620 quae
447 1562 611 1620 pondus
644 1563 855 1620 sapientiae
886 1580 969 1606 non
1003 1568 1220 1618 sustinuit,
1250 1579 1291 1613 et
1320 1573 1413 1617 ideo

54 1633 250 1679 afflictata
267 1632 363 1675 est2.
394 1633 559 1674 Etenim
583 1648 681 1674 cum
704 1634 887 1675 animam
908 1635 1143 1693 improbam
1166 1640 1329 1684 virtutis
1349 1644 1411 1684 in-

53 1705 225 1747 traverit
260 1719 419 1752 serme,
444 1704 657 1761 redarguit
678 1719 769 1745 eam
795 1706 952 1762 culpae,
991 1709 1228 1766 errorisque
1249 1714 1413 1768 pudore

53 1773 198 1824 afficit,
217 1783 259 1816 et
272 1774 546 1832 prolapsionis
565 1782 731 1830 torquet
748 1776 903 1817 dolore.
930 1775 1118 1834 Namque
1135 1781 1234 1821 dum
1254 1781 1294 1823 in
1314 1798 1413 1839 qua-

54 1845 151 1886 dam
176 1860 318 1887 sumus
343 1845 612 1901 delinquendi
634 1844 830 1893 libidine,
855 1847 1019 1889 nebulis
1041 1849 1293 1905 quibusdam
1317 1853 1414 1895 insi-

52 1916 219 1972 pienti-ce
237 1930 354 1956 mens
377 1915 619 1962 obducitur,
644 1922 684 1955 et
707 1915 822 1956 sumo
842 1918 1022 1972 quodam
1046 1918 1274 1976 iniquitatis
1298 1925 1414 1965 oculi

54 1987 146 2044 ejus
168 1986 424 2043 caligantur3
448 2000 500 2026 ne
516 1984 653 2026 videat
676 2000 821 2026 eorum
837 2018 848 2034 ,
867 2001 958 2042 quae
978 1989 1258 2046 concupiscit,
1275 1993 1412 2034 defor-

53 2059 258 2115 mitatem.
289 2055 373 2098 Sed
394 2069 491 2096 cum
512 2055 648 2096 omnis
679 2055 832 2097 nebula
870 2057 1109 2107 transierit,
1133 2067 1172 2100 et
1197 2062 1408 2118 sapientise

53 2128 217 2186 fulgore
247 2126 428 2174 fulserit,
454 2126 589 2182 gravia
624 2134 832 2168 tormenta
869 2136 1120 2170 exercentur
1151 2130 1193 2171 in
1224 2134 1408 2188 quodam

54 2202 165 2243 male
186 2199 342 2249 conscii
365 2198 598 2256 secretario.
629 2198 773 2253 ltaque
797 2198 959 2255 gravior
977 2208 1118 2242 nostra
1140 2216 1258 2244 mens
1280 2204 1410 2260 judex

57 2279 120 2314 est
142 2270 405 2313 conscientiae
425 2276 567 2316 reatu,
593 2276 635 2309 et
652 2267 810 2324 judicio
832 2268 1099 2325 poenitentiae.
1133 2272 1259 2322 Quod
1287 2274 1318 2315 si
1344 2277 1411 2317 vel

56 2356 164 2399 aegra
196 2356 270 2398 per
291 2341 458 2397 culpam
472 2371 482 2388 ,
508 2340 573 2380 vel
593 2337 769 2379 invalida
796 2353 870 2395 per
894 2337 1179 2381 infirmitatem
1194 2373 1205 2389 ,
1225 2357 1310 2383 non
1333 2359 1406 2401 po—

57 2412 184 2454 tuerit
207 2411 314 2452 ferre
344 2425 391 2451 ac
414 2408 574 2467 perpeti
598 2408 763 2450 virtutis
783 2408 1047 2465 praesentiam
1064 2441 1074 2458 ,
1102 2410 1274 2454 dimittit
1292 2428 1383 2454 eam
1399 2447 1409 2462 ,

59 2491 183 2540 atque
203 2498 221 2523 a
237 2497 280 2523 se
301 2483 480 2538 relegat,
500 2494 578 2521 nec
594 2479 752 2536 patitur
768 2494 861 2520 eam
877 2479 984 2520 volvi
998 2479 1038 2520 in
1056 2495 1098 2521 se
1113 2512 1124 2529 ,
1143 2488 1184 2521 et
1201 2481 1414 2526 adhaerere

56 2551 379 2610 cogitationibus
393 2551 490 2593 suis.
511 2551 563 2592 Et
574 2557 622 2591 ut
638 2548 890 2591 infirmiores
903 2549 1014 2591 oculi
1028 2551 1169 2592 lucem
1180 2551 1412 2610 refugiunt,

106 2654 115 2669 ¹
137 2644 219 2677 Gen.
239 2655 425 2682 x11,11.-
444 2653 456 2667 2
474 2642 565 2675 lbid.
590 2643 637 2674 15.

1240 2696 1310 2741 36.
