1747 3260
311 271 397 299 200
859 269 887 295 S.
928 267 1115 295 AMBROSM

369 344 454 387 LII.
492 344 682 401 Antiquse
705 345 784 385 hoc
813 344 1052 400 reipubliere
1078 357 1251 390 numus,
1287 350 1329 383 et
1362 343 1490 384 instar
1519 344 1660 387 liberae
1715 346 1717 356 “

312 415 489 457 civitatis
529 423 602 456 est.
653 414 720 455 Sic
755 415 805 455 ab
844 413 964 454 initio
1007 420 1221 469 acceptam
1254 428 1274 454 a
1309 421 1480 462 natura,
1521 430 1662 456 exem-
1716 443 1720 464 ᾗ

314 488 381 543 plo
435 485 570 526 avium
612 484 799 541 politiam
843 483 1032 524 homines
1078 498 1272 524 exercere
1315 493 1531 540 coeperunt
1553 503 1564 532 3
1617 494 1664 527 ut
1717 472 1721 528 i*

314 556 550 598 eommunis
573 563 681 596 esset
707 555 841 602 labor,
869 554 1103 595 communis
1127 553 1303 610 dignitas
1320 587 1329 601 ‚
1354 570 1428 611 per
1451 555 1559 596 vices
1579 555 1665 596 sin-
1719 592 1722 606 ,

315 626 399 684 guli
429 626 571 683 partiri
601 640 721 666 curas
745 625 973 673 discerent,
1000 624 1198 680 obsequia
1226 624 1481 681 imperIaque
1509 625 1666 666 divide-
1720 611 1724 622 λ

315 704 407 738 rent
423 729 432 744 ,
460 710 583 736 nemo
606 703 713 736 esset
742 694 912 735 honoris
934 709 1094 742 exsors,
1117 695 1256 734 nullus
1280 694 1475 734 immunis
1497 694 1662 736 laboris.
1720 682 1725 701 x

315 767 391 807 Hie
411 774 498 806 erat
517 764 824 822 pulcherrimus
842 780 983 806 rerum
1005 773 1133 806 status
1150 797 1159 812 ‚
1181 780 1257 806 nec
1276 765 1551 806 insolescebat
1564 764 1670 820 quis·
1722 762 1726 802 ζ

318 850 440 891 quam
456 842 658 891 perpetua
672 842 892 891 potestate,
909 849 986 875 nec
1001 834 1199 875 diuturno
1210 850 1291 875 seri
1304 834 1373 874 itio
1386 834 1669 889 frangebatur3

315 906 410 961 quia
430 913 468 946 et
490 904 579 945 sine
602 904 754 945 invidia
777 912 867 945 erat
888 904 1035 945 ordine
1051 904 1235 945 muneris
1253 912 1293 945 et
1318 903 1516 960 temporis
1533 906 1673 945 mode-
1725 927 1729 935 =

317 974 479 1015 ratione
515 973 648 1015 delata
686 973 918 1030 promotio;
947 981 989 1014 et
1022 973 1279 1014 tolerabilior
1316 973 1550 1021 videbatur,
1584 988 1675 1028 quae

321 1044 534 1085 communi
573 1044 750 1085 cadebat
781 1052 891 1085 sorte
928 1044 1127 1085 custodia.
1164 1043 1295 1085 Nemo
1337 1045 1518 1085 audebat
1551 1044 1676 1084 alium

320 1115 486 1156 servitio
507 1130 720 1171 premere,
742 1115 862 1170 eujus
886 1114 963 1156 sibi
992 1114 1224 1155 successuri
1244 1115 1284 1155 in
1308 1115 1509 1156 honorem
1534 1121 1677 1155 mutua

319 1184 456 1226 forent
484 1185 701 1226 subeunda
724 1184 884 1225 fastidia
907 1199 915 1225 :
941 1183 1097 1225 nemini
1116 1184 1235 1225 labor
1257 1183 1389 1240 gravis
1407 1217 1416 1232 ,
1440 1199 1564 1239 quem
1588 1183 1680 1240 dig-

324 1256 434 1297 nitas
461 1263 658 1296 seeutura
688 1257 904 1296 relevaret.
929 1254 1011 1295 Sed
1030 1263 1120 1311 post
1139 1270 1264 1310 quam
1287 1253 1528 1295 dominandi
1551 1254 1681 1295 libido
1731 1256 1734 1318 ᾗ

327 1325 537 1366 »indicare
559 1325 687 1382 coepit
712 1325 917 1366 indebitas
933 1357 943 1373 ,
963 1334 1005 1366 et.
1026 1325 1219 1382 indeptas
1239 1326 1351 1365 nolle
1378 1325 1586 1381 deponere
1607 1338 1692 1382 po-
1732 1322 1736 1388 ἱ

326 1403 498 1436 testatos
515 1410 523 1435 :
542 1402 812 1451 posteaquam
830 1394 986 1436 militia:
1005 1409 1087 1435 non
1107 1394 1173 1451 jus
1188 1409 1412 1435 commune
1430 1393 1555 1451 eoepit
1567 1408 1655 1434 esse
1669 1426 1680 1442 ‚
1733 1401 1737 1438 l

327 1468 400 1508 sed
419 1466 594 1508 servitus
617 1481 625 1506 :
649 1473 920 1522 posteaquam
944 1481 1028 1506 non
1047 1465 1150 1506 ordo
1176 1465 1309 1506 factus
1330 1473 1392 1506 est
1411 1463 1684 1521 suscipiendae
1715 1454 1738 1506 l

325 1536 523 1593 potentiae
537 1569 546 1585 ,
571 1537 643 1577 sed
655 1535 839 1577 studium
852 1535 1113 1576 vindicanda}
1126 1567 1135 1583 ,
1153 1536 1276 1593 coepit
1291 1535 1415 1578 etiam
1435 1536 1519 1592 ipsa
1532 1534 1686 1577 laboris
1734 1511 1740 1600 i

327 1607 487 1648 functio
520 1606 663 1647 durius
694 1606 909 1654 sustineri3
937 1614 979 1647 et
1000 1621 1091 1661 quae
1114 1621 1197 1646 non
1228 1614 1290 1648 est
1318 1606 1576 1654 voluntaria,
1604 1605 1687 1646 cito
1736 1601 1740 1664 l

325 1680 469 1720 locum
493 1677 691 1732 relinquit
711 1677 895 1718 ineuriae.
925 1676 1124 1718 Homines
1144 1673 1403 1732 quam'inviti
1429 1677 1610 1718 subeunt
1626 1676 1689 1717 vi-
1738 1670 1742 1745 l

1738 1751 1744 1892 Ξ

1745 1713 1747 1773 l

329 1748 525 1805 giliarum
547 1748 716 1796 munia,
743 1763 867 1804 quam
892 1762 1000 1804 :egre
1029 1747 1317 1802 unusquisque
1347 1747 1389 1787 in
1418 1746 1563 1788 castris
1584 1745 1692 1803 peri·
1746 1781 1747 1784 ,

330 1820 474 1860 culum
494 1818 664 1859 sortitus
682 1818 883 1865 excubat,
909 1819 1021 1873 quod
1044 1818 1246 1858 tuendum
1268 1816 1343 1857 sibi
1366 1816 1493 1871 regali
1510 1829 1692 1873 praeeep-

331 1888 446 1933 tione
486 1888 790 1929 committitur!
823 1887 1079 1943 proponitur
1111 1902 1233 1943 poena
1269 1886 1457 1934 desidiae3
1487 1893 1530 1927 et
1552 1893 1691 1927 tamen
1741 1913 1745 1934 ,

332 1961 582 2017 plerumque
607 1959 772 2015 obrepit
804 1957 988 2005 incuria,
1014 1972 1096 1998 non
1132 1965 1349 1998 servantur
1379 1957 1575 1998 excubiae.
1611 1957 1694 1999 Ne·
1742 1944 1745 1966 Ι

334 2029 504 2071 cessitas
535 2029 646 2070 enim
675 2044 765 2084 quae
790 2028 920 2069 invito
950 2028 1128 2084 imponit
1164 2028 1437 2084 obsequium,
1466 2027 1584 2069 ass'ert
1612 2029 1696 2085 ple·
1743 2011 1747 2062 l

335 2114 514 2155 rumque
537 2099 760 2141 fastidium.
794 2098 904 2140 Nihil
924 2106 986 2140 est
1015 2099 1126 2139 enim
1144 2106 1229 2139 tam
1250 2099 1369 2140 facile
1384 2132 1394 2147 ‚
1420 2098 1519 2154 quin
1542 2098 1698 2139 habeat
1743 2082 1747 2146 Ξ

337 2169 627 2211 difficultatem
640 2201 650 2217 ‚
670 2170 781 2225 quod
804 2168 930 2210 facias
950 2169 1114 2210 invitus.
1142 2169 1251 2226 Ergo
1269 2177 1309 2210 et
1324 2169 1432 2225 jugis
1448 2169 1568 2210 labor
1585 2183 1698 2210 aver·
1745 2149 1747 2210 i

337 2239 389 2282 tit
413 2239 610 2281 affectum
625 2272 633 2287 ,
653 2247 695 2281 et
721 2239 919 2281 continua
946 2248 987 2281 et
1010 2240 1205 2281 diuturna
1230 2241 1414 2298 potentia
1435 2240 1563 2298 gignit
1583 2240 1698 2281 inso-

337 2311 523 2354 lentiam.
553 2310 693 2361 Quem
729 2310 911 2351 invenias
946 2310 1192 2359 hominum,
1229 2311 1300 2367 qui
1333 2319 1479 2368 sponte
1518 2312 1718 2367 deponat·

340 2380 561 2437 imperium
577 2412 587 2428 ,
611 2381 841 2422 etducatus
858 2379 919 2420 sui
940 2381 1059 2421 cedat
1077 2379 1236 2436 insigne
1251 2413 1260 2429 ,
1282 2380 1436 2438 fiatque
1458 2382 1599 2422 volens
1619 2395 1714 2421 riu--v

339 2465 457 2493 mero
483 2460 719 2508 postremus
740 2467 791 2493 ex
812 2451 976 2508 primo?
997 2452 1079 2494 Nos
1105 2459 1243 2493 autem
1270 2468 1354 2494 non
1388 2454 1522 2494 solum
1547 2452 1599 2493 de
1620 2436 1722 2508 pri—-x

342 2535 438 2568 mo,
470 2520 697 2565 sedetiam
726 2522 777 2562 de
811 2522 949 2563 medio
979 2537 1086 2579 saepe
1115 2523 1432 2571 contendimus,
1467 2531 1508 2564 et
1533 2521 1700 2579 —primos

344 2589 577 2632 discubitus
613 2590 655 2634 in
688 2591 877 2633 convivio
911 2591 1170 2634 vindicamus
1198 2607 1206 2634 τ
1236 2608 1281 2635 ae
1312 2593 1343 2634 si
1366 2594 1493 2634 semel
1515 2592 1704 2633 delatum
