1742 3233
454 312 505 339 DE
540 310 748 339 ABRAIIAM.
789 312 868 340 Lm.
907 314 932 340 1.
1286 297 1370 352 519

15 387 243 444 figuratum
269 387 376 429 sicut
397 387 524 429 ctiam
547 386 633 444 ipse
654 387 877 444 Apostolus
895 390 1020 431 docet
1042 389 1209 431 dicens:
1247 404 1262 425 «
1281 386 1368 428 Sub

15 475 31 496 »
44 458 134 513 lege
153 457 337 498 volentes
355 472 467 506 csse,
486 458 620 514 legem
637 472 722 498 non
743 457 928 515 legistis?
946 458 1161 517 Scriptum
1181 466 1244 500 cst
1259 457 1372 501 enim

16 526 244 583 »quoniam
279 526 493 569 Abraham
524 528 629 569 duos
665 525 771 569 filios
804 527 1021 577 habuerit,
1058 543 1190 569 unum
1219 529 1270 569 de
1298 542 1368 568 an-

17 592 163 645 »·cilla‚
193 604 235 637 et
257 611 391 638 unum
417 598 469 639 de
496 596 652 639 libera:
680 598 752 639 sed
772 597 806 639 is
829 597 1000 654 quidem
1022 598 1092 655 qui
1115 600 1166 640 de
1193 598 1339 640 ancilla
1357 631 1368 647 ,

18 667 283 728 »secundum
308 681 479 708 carnem
505 675 627 709 natus
656 675 748 709 cst:
783 667 853 724 qui
883 676 1022 710 autem
1044 670 1094 710 de
1116 668 1271 717 libera,
1297 684 1372 725 per

17 753 32 775 »
47 736 444 794 repromissionem:
474 753 565 794 quae
591 745 688 779 sunt
722 753 798 795 per
833 739 1072 795 allegoriam
1102 739 1225 780 dicta.
1269 737 1374 780 Nam

18 805 138 858 »h'aec
168 801 264 848 sunt
291 808 375 848 duo
399 815 644 849 testamenta
667 823 676 848 :
702 823 835 849 unum
867 808 1037 864 quidem
1067 824 1088 850 a
1108 815 1252 850 monte
1275 806 1373 848 Sina

18 870 89 915 »in
115 876 356 917 servitutem
378 892 582 932 generans
603 877 717 939 quod
743 886 805 919 est
827 877 939 934 Agar
958 878 991 927 ¹,
1019 897 1035 917 n
1074 879 1177 920 duos
1199 878 1375 935 populos

18 942 240 986 ostendens
260 947 311 987 de
332 946 512 987 Ahrahae
535 947 804 1002 generatione
832 962 1029 988 manare:
1054 963 1186 988 unum
1208 946 1378 988 Judaeo-

21 1007 131 1061 rum,
151 1013 222 1070 qui
239 1013 340 1071 legis
358 1014 527 1070 syllabis
551 1015 725 1064 serviat3
750 1031 798 1065 eo
816 1016 930 1072 quod
948 1016 1000 1058 de
1028 1015 1175 1057 ancilla
1198 1015 1239 1056 in
1257 1015 1380 1056 servi—

20 1092 156 1126 tutem
174 1084 364 1126 videatur
391 1099 481 1126 esse
501 1093 724 1141 generatus
744 1100 753 1126 z
779 1087 959 1127 alterum
984 1085 1285 1133 Christianum,
1308 1085 1379 1141 qui

23 1157 73 1196 a'd
95 1153 384 1197 remissionem
407 1162 679 1212 peccatorum
703 1155 882 1197 coelestis
901 1154 1040 1213 gratiae
1057 1155 1294 1197 libertatem
1311 1170 1382 1196 ac·-

24 1225 193 1282 ceperit.
231 1224 358 1277 Quod
393 1240 491 1283 crgo
519 1233 641 1282 putas
670 1240 760 1267 csse
794 1233 1016 1283 peccatum
1036 1258 1046 1273 ‚
1085 1225 1263 1266 advertis
1292 1240 1380 1266 esse

22 1295 293 1352 mysterium,
307 1311 391 1352 quo
418 1312 465 1337 ea
485 1311 577 1353 quae
599 1295 900 1352 posterioribus
921 1303 1041 1336 erant
1061 1295 1200 1337 sutura
1216 1302 1382 1351 tempo-

22 1365 473 1417 ribus,revelabantur.
494 1365 686 1421 Denique
705 1364 885 1406 addidit:
911 1364 1024 1407 «Vos
1039 1373 1195 1413 autem,
1214 1365 1378 1413 fratres,

24 1437 285 1476 »secundum
314 1436 427 1476 lsaac
453 1435 739 1492 promissionis
760 1434 834 1476 filii
855 1435 885 1477 ².
915 1436 1038 1483 Ideo,
1065 1435 1222 1491 inquit,
1251 1434 1381 1476 nolite

7 1523 40 1543 .>›
55 1520 241 1561 quaerere
267 1520 396 1562 opera
417 1505 547 1562 legis3
579 1505 775 1561 quoniam
803 1505 886 1545 non
909 1503 1161 1560 justificatur
1182 1503 1310 1545 homo
1332 1519 1383 1544 ex

25 1592 40 1611 »
55 1575 250 1632 operibus
265 1575 382 1632 legis,
412 1575 490 1615 nisi
510 1590 582 1631 per
603 1573 730 1615 fidem
752 1573 854 1615 Jesu
880 1573 1034 1615 Christi
1053 1572 1082 1614 ³.
1103 1592 1117 1611 >³
1143 1573 1194 1614 Et
1210 1581 1258 1614 ut
1279 1572 1382 1614 scias

26 1644 122 1700 quia
150 1644 394 1686 Christianis
417 1644 518 1686 dixit
539 1659 548 1684 :
585 1662 599 1682 «
620 1644 673 1685 Et
693 1658 791 1691 nos,
815 1643 974 1699 inquit,
999 1643 1040 1684 in
1071 1643 1285 1684 Christum
1309 1642 1383 1683 Je-

27 1730 147 1756 »sum
175 1709 385 1767 credImus
403 1732 414 1764 3
433 1724 479 1756 ut
500 1713 781 1770 justificemur
797 1730 848 1756 ex
871 1714 958 1756 fide
977 1714 1148 1762 Christi,
1170 1722 1210 1755 et
1234 1729 1317 1754 non
1335 1729 1386 1754 ex

27 1783 253 1843 »operibus
274 1785 374 1843 legis
401 1785 430 1827 ⁶.
458 1804 473 1824 »
494 1786 780 1842 Agnoscamus
805 1800 904 1842 crgo
928 1776 1128 1840 quoniam
1151 1784 1264 1830 haec,
1294 1798 1385 1839 quae

27 1854 69 1896 in
91 1854 267 1912 figuram
285 1855 601 1912 contingebant,
620 1854 699 1896 illis
717 1854 881 1895 crimIni
900 1869 984 1895 non
1006 1861 1125 1895 erant
1145 1868 1153 1894 :
1179 1852 1298 1894 nobis
1318 1868 1386 1893 au—

28 1933 115 1966 tem
142 1934 281 1974 erunt,
308 1926 339 1967 si
359 1927 410 1967 ad
429 1925 738 1982 correptionem
759 1932 946 1965 nostram
971 1923 1125 1980 scripta
1144 1937 1290 1964 cavere
1316 1938 1388 1964 no—

29 1991 153 2037 limus
174 2011 182 2037 :
203 1995 281 2041 ,sed
305 1996 435 2053 magis
461 1996 503 2037 id
527 2010 720 2053 agamus,
756 2003 803 2036 ut
835 2009 934 2036 cum
963 1994 1092 2035 simus
1119 1993 1260 2035 liberae
1288 1991 1385 2041 filii,

30 2068 121 2120 qu'ae
146 2073 208 2118 est
236 2066 363 2114 Sara,
391 2081 444 2107 ne
472 2066 571 2123 legis
592 2064 750 2122 laqueis
779 2065 1028 2113 serviamus,
1056 2078 1153 2104 cum
1175 2062 1388 2105 Abraham

30 2131 204 2191 liberam
227 2135 424 2184 tenuerit,
451 2136 644 2178 ancillam
667 2135 852 2192 ejecerit.

88 2204 251 2248 XXIX.
280 2206 375 2257 Quo
398 2208 490 2248 loco
508 2208 727 2263 plerosque
744 2205 903 2247 moveri
934 2205 1019 2246 scio
1045 2219 1054 2245 ε
1081 2202 1123 2245 Si
1152 2203 1264 2245 enim
1281 2203 1391 2244 bona

32 2282 95 2317 est
113 2271 405 2326 circumciSio,
426 2277 635 2334 hodieque
662 2276 793 2320 teneri
819 2275 964 2318 debuit
991 2290 1000 2316 :
1027 2275 1059 2315 si
1082 2273 1252 2321 inutilis,
1278 2288 1393 2314 man-

35 2345 126 2387 dari
156 2361 241 2399 non
275 2346 445 2396 debuit,
480 2348 620 2390 divino
654 2346 885 2405 praesertim
917 2346 1089 2387 oraculo
1118 2344 1148 2386 ⁵.
1188 2343 1271 2385 Sed
1298 2359 1395 2384 cum

34 2413 262 2473 Apostolus
293 2412 444 2459 dixerit
470 2418 622 2460 Paulus
642 2433 651 2459 ε
669 2436 684 2455 «
709 2417 817 2469 Quia
840 2416 1051 2459 Abraham
1079 2414 1242 2472 signum
1273 2428 1394 2454 acce-

37 2491 51 2525 >5
66 2483 128 2547 pit
144 2486 475 2531 circumcisionis
498 2487 510 2508 ⁶
531 2504 571 2530 z»
585 2486 729 2547 utique
751 2488 916 2546 signum
937 2501 1022 2529 non
1040 2485 1127 2545 ipsa
1148 2500 1230 2532 res,
1254 2484 1328 2526 sed
1345 2484 1398 2526 al-

51 2630 53 2632 ,
87 2604 92 2618 ³
118 2595 225 2629 Galat,
242 2597 422 2642 Nym-24·
441 2614 481 2622 -·
510 2607 522 2622 ²
551 2596 638 2633 Ibid.
658 2597 710 2632 28.
735 2614 775 2623 --
793 2598 808 2620 ³
826 2595 876 2628 ld·
892 2606 938 2635 ¹1,
959 2594 1007 2629 16.
1030 2610 1070 2621 ·-·
1089 2592 1206 2629 ⁴1bld-
1227 2610 1265 2619 -··
1280 2591 1292 2613 ⁵
1310 2592 1400 2627 Gen*

37 2659 116 2690 xvii,
138 2661 185 2686 ιο.
204 2669 243 2677 —-
257 2652 272 2674 ⁶
289 2652 383 2687 Rom.
404 2662 451 2691 ιν,
475 2662 527 2688 ιι.
