1742 3233
341 286 364 333 4
376 299 390 326 1
401 283 426 324 8
765 313 767 316 <
883 295 912 323 s.
954 291 1140 323 AMBRosn

337 393 435 435 ergo
454 375 715 433 sapientiam,
735 372 915 415 habetet
931 371 1211 428 disciplinam,
1227 370 1335 412 sicut
1353 378 1396 412 et
1413 371 1464 412 de
1484 370 1684 419 Beseleel,

340 448 410 505 qui
432 461 597 494 sacrum
622 444 940 487 tabernaculum
960 442 1097 484 divino
1115 442 1286 482 oraculo
1306 440 1442 496 jussus
1455 447 1518 481 est
1532 440 1684 486 facere,

340 518 395 558 ait
416 515 630 573 Scriptura
649 529 658 555 :
681 532 696 552 «
713 512 821 565 Quia
842 513 1023 569 repletus
1040 519 1102 552 est
1125 510 1273 567 spiritu
1289 510 1522 566 prudentiae
1543 517 1586 551 et
1603 510 1690 551 dis-

339 604 355 624 »
370 585 531 642 ciplinae
547 583 577 626 ².
605 602 620 623 »
653 583 731 625 Hic
756 597 855 638 ergo
877 581 1045 638 spiritus
1068 582 1191 621 datur
1212 579 1455 620 hominibus
1470 611 1480 627 ‚
1508 580 1582 620 sed
1605 593 1689 620 non

339 661 569 711 permanet.
606 652 700 703 Qua
722 659 861 693 autem
887 650 1047 691 ratione
1070 664 1155 690 non
1179 656 1419 706 permanet,
1443 662 1567 689 causa
1591 662 1692 704 pro-

339 724 452 765 ditur
470 740 480 770 ;
524 722 619 778 quia
656 734 754 761 earo
796 727 903 760 sunt.
948 718 1093 760 Carnis
1129 719 1242 760 enim
1278 726 1425 759 natura
1462 718 1690 774 disciplinae

339 799 544 849 repugnat
563 822 574 838 ‚
609 788 705 845 quia
738 787 941 844 voluptati
976 789 1252 844 obtemperat.
1293 788 1484 842 Denique
1516 788 1567 828 de
1605 787 1691 827 solo

341 861 522 904 Domino
552 858 654 901 Jesu
679 858 881 914 scriptum
909 865 972 898 est
993 872 1001 898 :
1035 875 1050 895 «
1081 857 1217 914 Super
1243 871 1369 913 quem
1390 856 1575 898 videritis
1599 855 1694 912 Spi-

342 949 357 969 n
371 930 500 971 ritum
520 928 847 970 descendentem
870 927 921 967 de
945 927 1050 967 coelo
1066 957 1077 974 ,
1097 934 1138 967 et
1160 933 1402 967 manentem
1427 940 1553 982 super
1568 939 1665 966 eum
1679 957 1690 973 ,

343 1000 443 1042 »hic
463 1007 526 1041 est
547 997 618 1055 qui
634 997 821 1055 baptizat
838 995 995 1054 Spiritu
1019 1003 1162 1038 saneto
1178 995 1207 1038 ².
1235 1015 1250 1035 υ
1285 996 1332 1037 In
1359 1011 1407 1037 eo
1430 994 1542 1037 enim
1557 1009 1696 1036 mane-

343 1071 439 1119 bat,
471 1084 597 1126 quem
624 1069 738 1110 nulla
768 1067 1017 1124 corruptelae
1050 1066 1226 1108 carnalis
1257 1065 1554 1123 impedimenta
1581 1080 1695 1107 revo-

345 1140 499 1182 cabant
522 1172 532 1188 ‚
570 1138 793 1195 quominus
826 1137 1078 1194 incorruptae
1115 1145 1159 1178 et
1189 1135 1462 1193 impermixtae
1505 1133 1694 1177 ord'inem

342 1209 570 1267 disciplinae
586 1215 770 1256 teneret,
790 1206 910 1263 cujus
937 1221 1033 1249 caro
1051 1220 1136 1248 non
1152 1205 1254 1247 vidit
1271 1205 1599 1263 corruptionem.

342 1373 384 1390 §U
391 1372 526 1392 MVVVVW
530 1370 795 1389 mmmmwvwvwv
799 1368 976 1386 mmmmm
980 1367 1070 1384 VVVWV
1074 1366 1251 1383 mmmmm&
1255 1367 1297 1382 &W
1301 1366 1569 1382 VVUVWWWWVWVVVV
1576 1366 1694 1383 mmm

881 1495 1058 1539 CAPUT
1090 1495 1159 1538 IV.

354 1664 620 1729 Gigantibus
638 1663 716 1720 qui
730 1661 942 1727 vioeerzfflt
954 1668 1079 1703 aetczte
1095 1657 1138 1702 N
1139 1674 1208 1712 oe
1228 1657 1393 1701 similes
1407 1672 1490 1701 esse
1502 1657 1702 1701 homines

407 1738 546 1783 cultui
562 1736 711 1778 carnis
726 1747 815 1775 suoe
831 1730 1058 1774 studentes.
1084 1729 1174 1782 Qui
1192 1728 1402 1771 dieantur
1422 1727 1511 1785 sicii
1529 1728 1639 1771 Dei·
1621 1747 1639 1779 ,·
1663 1739 1703 1770 et

412 1823 496 1865 quo
524 1815 654 1865 paeto
689 1803 807 1847 Deus
840 1802 1018 1844 dicatur
1052 1799 1188 1841 irasci
1225 1808 1301 1841 aut
1329 1799 1531 1841 moveri:
1570 1813 1704 1853 quare

415 1879 550 1923 etiam
567 1871 946 1917 irrationabilibus
967 1879 1147 1928 propter
1168 1868 1362 1912 hominis
1379 1878 1608 1926 peecatum
1630 1867 1704 1910 dc-

413 1949 525 1998 letis,
549 1945 592 1991 Ν
594 1953 641 1990 οὲ
660 1945 858 2005 gratiam
869 1942 992 2001 apud
1007 1941 1152 1985 Deum
1172 1941 1406 1984 invenerit.

416 2099 804 2148 V111.«G1emr12s
815 2106 954 2142 autem
970 2095 1140 2140 erantin
1160 2104 1271 2139 terra
1284 2095 1430 2137 diebus
1443 2092 1567 2137 illis&
1584 2112 1600 2134 »
1612 2093 1705 2137 Non

356 2179 576 2236 poetarum
591 2185 709 2214 more
727 2170 911 2228 gigantes
932 2168 1024 2211 illos
1039 2176 1160 2210 terrae
1182 2166 1289 2209 filios
1305 2167 1394 2209 vult
1415 2164 1545 2207 videri
1559 2164 1706 2207 divinae

355 2246 586 2304 Scripturae
607 2241 823 2285 conditor:
851 2239 925 2282 sed
946 2254 997 2281 ex
1022 2237 1190 2295 Angelis
1211 2246 1253 2280 et
1273 2235 1520 2279 mulieribus
1540 2249 1707 2293 genera-

357 2327 423 2361 tos
441 2315 605 2363 asserit,
625 2327 728 2370 quos
751 2311 832 2354 hoc
856 2310 1034 2368 appellat
1056 2309 1275 2357 vocabulo,
1302 2309 1445 2349 volens
1470 2320 1617 2348 eorum
1633 2319 1707 2346 ex-

354 2387 537 2446 primere
577 2381 764 2441 corporis
802 2379 1146 2438 magnitudinem.
1187 2379 1241 2421 Et
1270 2377 1584 2420 consideremus
1597 2407 1608 2425 ,
1653 2389 1707 2416 ne

355 2459 464 2504 forte
480 2456 694 2515 gigantum
711 2452 792 2494 sint
808 2451 961 2494 similes
975 2449 1166 2493 homines
1190 2447 1321 2491 cultui
1338 2448 1553 2490 studentes
1571 2443 1707 2487 carnis

357 2541 468 2577 suae,
493 2525 641 2571 animae
663 2530 802 2566 autem
821 2521 980 2564 nullam
1005 2534 1150 2563 curam
1168 2518 1394 2562 habentes:
1424 2516 1532 2560 sicut
1554 2514 1615 2559 illi
1636 2512 1708 2570 qui

402 2640 415 2658 ⁸
434 2632 541 2667 Exod.
556 2641 652 2672 xxxx,
665 2631 699 2667 3.
713 2648 755 2660 ··—
771 2637 785 2655 ⁸
803 2630 902 2665 Joan.
919 2641 947 2671 ι,
964 2629 1018 2663 3³.
1034 2645 1076 2656 -
1090 2630 1105 2653 ³
1120 2628 1206 2663 Gen.
1218 2637 1263 2665 vt,
1278 2626 1312 2664 4.
