1747 3260
306 237 403 341 S.
481 234 1179 339 AMBROSII

185 397 872 495 MEDIOLANENSIS
934 442 1318 495 EPISCOPI

530 591 912 637 HEXAEMERON
935 591 966 637 ⁵.

644 744 754 774 LIBRI
786 745 841 774 VI.

71 880 1021 901 ΜΜΝΜΝΜΜἉΝΜΜΜΜΜᾺΝΜΜΜᾺῆΜΜΜΧΜ
1026 881 1201 899 §mmm
1208 881 1431 900 kmfflm

617 1005 801 1051 LIBER
846 1007 882 1050 Ι.

498 1160 551 1189 DE
582 1158 712 1190 OPERE
745 1159 859 1189 Pmm
890 1160 992 1191 mm.

607 1273 785 1318 CAPUT
824 1275 841 1317 Ι
859 1273 890 1316 ².

74 1409 141 1455 De
165 1410 323 1453 mundi
341 1410 587 1469 principio,
614 1410 872 1464 duratione,
896 1420 936 1453 et
961 1410 1134 1452 unitate
1160 1410 1440 1470 philosopho-

221 1496 325 1523 rum
347 1496 513 1524 errores
535 1483 803 1539 referuntur,
828 1496 882 1523 ao
900 1481 1283 1540 perstringuntur.

132 1602 389 1647 TANTUM-NE
413 1603 618 1662 opinionis
647 1603 917 1662 assumpsisse
949 1602 1187 1653 homines³,
1228 1613 1275 1647 ut
1311 1605 1437 1664 aliqui

74 1687 220 1716 eorum
232 1673 311 1716 tria
327 1673 532 1732 principia
551 1674 854 1716 constituerent
867 1673 1060 1716 omnium
1076 1673 1230 1723 Deum,
1247 1682 1288 1716 et
1303 1689 1440 1718 exem-

72 1745 180 1802 plar,
219 1752 262 1786 ct
291 1743 538 1793 materiam,
563 1744 671 1787 sicut
691 1744 835 1794 Plato,
874 1743 1164 1802 discipulique
1191 1743 1306 1800 ejus;
1331 1752 1373 1787 et
1396 1759 1445 1789 ea

73 1812 316 1871 incorrupta
333 1845 344 1863 ,
368 1821 409 1856 et
436 1813 641 1863 increata,
667 1829 713 1856 ac
738 1813 826 1856 sine
849 1813 967 1855 initio
992 1828 1082 1856 esse
1115 1822 1400 1857 asseverarent
1425 1828 1436 1856 z

72 1881 295 1939 Deumque
315 1897 399 1925 non
423 1891 621 1940 tanquam
643 1892 877 1926 creatorem
900 1883 1111 1932 maten-ize,
1137 1884 1210 1926 sed
1236 1891 1439 1941 tanquam

77 1951 280 1995 artificem
303 1954 356 1995 ad
375 1955 611 2011 exemplar,
640 1954 722 1997 hoc
753 1962 843 2002 est,
867 1954 1004 1996 ideam
1027 1953 1342 2002 intendentem,
1375 1953 1439 1997 se-

76 2021 183 2064 cisse
202 2023 413 2065 mundum
435 2024 488 2066 de
509 2023 684 2066 materia
701 2056 712 2073 ,
739 2039 865 2080 quam
888 2030 1041 2065 vocant
1061 2022 1190 2079 hylen
1205 2055 1217 2072 ,
1238 2037 1330 2079 quae
1351 2023 1441 2081 gig-

75 2092 205 2134 nendi
223 2106 367 2134 causas
384 2093 511 2135 rebus
525 2094 722 2136 omnihus
742 2094 906 2136 dedisse
926 2100 1135 2135 asseratur
1152 2108 1161 2134 :
1187 2092 1324 2150 ipsum
1335 2107 1442 2150 quo-

77 2175 160 2218 que
193 2164 402 2205 mundum
443 2163 760 2221 incorruptum,
799 2179 878 2206 nec
917 2171 1109 2206 creatum
1124 2196 1135 2212 ,
1176 2171 1247 2205 aut
1282 2161 1441 2206 factum

77 2230 392 2275 existimarent:
420 2233 488 2275 alii
509 2248 692 2290 quoque,
733 2242 780 2276 ut
802 2234 1050 2277 Aristoteles
1075 2248 1173 2276 cum
1197 2233 1280 2276 suis
1309 2234 1446 2291 dispu-

77 2303 252 2344 tandum
274 2302 451 2361 putavit,
478 2304 561 2345 duo
582 2304 787 2362 principia
811 2312 1033 2362 ponerent,
1053 2303 1273 2345 materiam
1293 2311 1335 2345 et
1352 2317 1441 2361 spe-

79 2371 202 2423 ciem,
228 2380 271 2416 et
300 2373 472 2416 tertium
494 2387 592 2417 cum
624 2373 688 2423 iis,
718 2376 833 2432 quod
856 2374 1145 2433 operatorium
1172 2373 1348 2423 dicitur,
1373 2373 1443 2416 cui

124 2515 134 2530 ¹
158 2506 274 2552 Scripti
291 2508 375 2543 circa
391 2519 444 2544 an.
469 2508 544 2555 389.
563 2527 605 2535 —
621 2520 634 2536 2
662 2510 774 2545 Sermo
802 2521 825 2545 1.
857 2529 898 2536 -
913 2512 938 2555 ‚³
954 2509 1040 2545 Vide
1055 2509 1102 2543 D.
1123 2508 1259 2545 Guillon
1273 2531 1284 2552 ,
1302 2513 1379 2543 tom.
1396 2517 1444 2550 xx,

80 2571 112 2604 p.
135 2562 244 2606 17-31.
