1742 3233
400 294 452 323 ma
484 291 695 329 mmmm.
731 292 852 325 „mnan
882 290 999 321 umis.
1295 291 1381 336 279

31 390 152 426 cere,
175 373 271 432 quia
291 381 561 431 posteaquam
583 379 852 430 gustaverunt
868 386 919 414 ex
943 385 993 414 eo
1014 371 1206 415 homines
1223 406 1233 422 ,
1253 369 1380 414 intel-

32 448 226 490 lexerunt
266 458 308 485 se
345 458 435 484 esse
473 443 630 491 nudos3
665 449 844 484 attamen
884 442 938 483 ad
973 443 1382 485 consummationem

32 516 180 564 divina>
202 511 453 572 operationis
484 513 620 555 dicam
646 512 721 555 tibi
752 519 793 554 et
815 511 896 554 hoc
925 512 1087 570 lignum
1115 513 1157 560 in
1187 514 1381 570 paradiso

31 593 247 633 exortum,
271 591 313 625 et
335 583 429 624 ideo
453 597 472 623 a
495 582 583 625 Deo
605 597 693 624 esse
718 581 990 640 permissum,
1014 591 1060 625 ut
1081 583 1288 642 possimus
1311 599 1384 626 su-

28 653 376 713 pereminentiam
408 652 508 695 honi
542 651 660 694 scire.
698 651 923 703 Quomodo
954 652 1067 695 enim
1098 653 1131 695 si
1161 668 1246 695 non
1275 662 1385 696 esset

29 724 200 767 scientia
222 723 322 766 boni
338 731 379 765 et
395 723 517 772 mali,
543 722 652 764 inter
667 722 827 764 bonum
843 730 884 764 et
905 723 1064 764 malum
1088 722 1384 766 discretionem

30 794 210 851 aliquam
232 791 517 835 disceremus?
539 792 644 835 Nam
665 807 802 849 neque
831 793 945 849 quod
969 795 1129 835 malum
1150 802 1262 843 erat,
1291 810 1385 836 ma-

28 864 116 907 lum
145 863 431 921 judicaremus
465 878 575 912 esse,
604 863 682 905 nisi
709 871 816 905 esset
852 863 1023 905 scientia
1049 864 1148 906 boni
1175 880 1184 906 z
1211 864 1385 907 scientia

29 941 167 974 autem
190 933 292 974 boni
313 948 402 974 esse
428 948 511 974 non
534 941 695 990 posset,
724 933 802 975 nisi
828 941 936 975 esset
957 941 1000 974 et
1019 933 1180 974 bonum
1208 949 1217 975 :
1246 949 1384 990 neque

27 1017 171 1046 rursus
189 1004 302 1059 quod
318 1003 479 1044 bonum
496 1012 611 1052 erat,
636 1003 839 1053 sciremus
860 1004 1019 1044 bonum
1041 1018 1131 1044 esse
1145 1035 1157 1051 ,
1176 1002 1253 1044 nisi
1274 1011 1383 1044 esset

26 1072 197 1115 scientia
219 1072 329 1114 mali.
361 1071 472 1129 Cape
499 1073 736 1128 exemplum
755 1074 805 1113 de
831 1072 918 1129 ipsa
941 1071 1182 1114 conditione
1207 1072 1382 1114 humani

28 1142 228 1200 corporis.
260 1142 419 1200 Nempe
444 1141 572 1183 habet
594 1150 635 1184 et
660 1142 982 1184 amaritudinem
1007 1144 1232 1198 quamdam
1252 1142 1379 1191 fellis,

27 1227 118 1269 quae
151 1212 184 1253 si
211 1212 252 1253 in
277 1227 503 1253 commune
522 1211 772 1270 prospicias,
797 1213 848 1253 ad
871 1213 1046 1253 salutem
1068 1212 1250 1254 hominis
1274 1213 1383 1255 utilis

28 1282 247 1325 invenitur.
274 1283 382 1340 Ergo
405 1291 447 1325 et
465 1285 579 1340 quod
598 1284 757 1324 malum
779 1291 995 1341 putamus,
1019 1285 1268 1340 plerumque
1294 1298 1380 1325 non

25 1368 102 1411 per
124 1352 266 1394 onmia
278 1355 436 1394 malum
449 1362 527 1402 est,
543 1355 615 1395 sed
636 1354 677 1395 in
701 1369 927 1395 commune
941 1353 1055 1396 utile.
1078 1354 1182 1396 Nam
1204 1354 1312 1396 sicut
1326 1353 1384 1397 f-el

26 1422 68 1464 iu
83 1430 202 1479 parte
220 1430 282 1464 est
305 1422 492 1480 corporis
507 1456 517 1471 ‚
536 1433 577 1465 et
595 1431 733 1464 tamen
759 1425 809 1465 ad
834 1424 959 1465 totius
981 1424 1204 1466 utilitatem
1228 1439 1375 1482 eorpo-

25 1492 80 1534 ris
104 1493 275 1550 prodest
296 1508 304 1534 :
326 1493 381 1534 ita
406 1493 574 1534 utilitati
602 1494 792 1535 omnium
820 1494 1084 1550 profuturam
1107 1494 1240 1536 sciens
1268 1495 1380 1536 Deus

23 1557 243 1603 ‘scientiam
266 1561 366 1602 boni
394 1570 436 1603 et
462 1563 581 1611 mali,
611 1562 653 1604 in
683 1570 802 1622 parte
834 1563 1075 1612 constituit,
1109 1571 1154 1605 ut
1187 1564 1228 1606 in
1259 1579 1380 1607 com—

25 1645 155 1672 mune
179 1632 404 1689 prodesset.

81 1701 154 1743 IX.
192 1701 382 1758 Denique
404 1710 640 1760 serpentem
663 1702 703 1744 in
721 1703 914 1761 paradiso
932 1704 1114 1754 invenis,
1132 1705 1276 1763 utique
1293 1721 1377 1750 non

25 1768 112 1811 sine
137 1770 214 1812 Dei
243 1771 457 1813 voluntate
483 1781 741 1828 generatum.
774 1774 822 1815 In
845 1775 1048 1832 serpentis
1078 1785 1215 1818 autem
1246 1776 1378 1834 figura

25 1840 212 1882 diabolus
229 1848 302 1882 est.
329 1841 474 1883 Fuisse
495 1843 607 1884 enim
625 1843 841 1885 diabolum
860 1844 902 1886 in
920 1845 1113 1902 paradiso
1135 1847 1261 1888 etiam
1277 1848 1379 1889 Eze-

23 1909 133 1955 chiel
164 1910 368 1968 propheta
398 1913 545 1960 docet,
576 1912 646 1968 qui
685 1912 788 1954 dicit
831 1929 955 1973 super
984 1914 1217 1973 principem
1252 1917 1378 1974 Tyri:

35 1979 110 2020 «In
132 1981 344 2037 voluptate
359 2014 370 2030 ,
391 1980 546 2038 inquit,
565 1982 746 2038 paradisi
763 1982 896 2024 sactus
919 1983 1000 2025 es¹.
1016 1985 1282 2043 »Principem
1305 2002 1382 2029 au-

22 2055 104 2090 tem
132 2049 231 2106 Ty1i
264 2050 305 2090 in
343 2048 475 2107 figura
507 2051 735 2109 accipimus
771 2053 937 2095 diaboli.
967 2054 1181 2112 Numquid
1212 2065 1253 2098 et
1280 2057 1380 2099 hinc

24 2119 312 2165 accusabimus
354 2121 515 2170 Deum,
562 2122 656 2178 quia
697 2122 915 2170 thesauros
951 2124 1041 2189 ejus
1075 2127 1306 2170 altitudinis
1338 2137 1381 2170 et

23 2189 204 2231 scientiae
241 2191 510 2233 absconditos
541 2192 583 2233 in
620 2192 786 2235 Christo
820 2202 861 2235 et
892 2197 1081 2249 occultos
1106 2197 1381 2254 comprehen-

24 2259 121 2320 dere
141 2274 226 2301 non
250 2275 495 2324 possumus,
518 2261 598 2303 nisi
629 2277 733 2318 quos
755 2263 841 2320 ipse
866 2266 1051 2306 revelare
1074 2265 1266 2324 dignatus
1290 2266 1379 2309 est?

22 2311 232 2386 116ν61ε1νίῐ
254 2338 420 2380 tamen,
449 2339 496 2372 ut
531 2331 713 2373 sciamus
746 2333 873 2375 etiam
909 2333 1062 2377 diaboli
1095 2335 1296 2379 malitiam
1329 2339 1380 2379 ad

0 2391 2 2482 1
23 2399 200 2440 salutem
220 2401 420 2456 prodesse
441 2401 696 2444 hominihus.
727 2403 819 2446 Non
840 2406 953 2461 quod
976 2405 1164 2465 diabolus
1185 2408 1382 2464 prodesse

0 2496 2 2520 ,
0 2468 144 2517 velit,
171 2469 243 2510 sed
269 2471 384 2526 quod
403 2470 605 2513 malitiam
628 2472 719 2529 ejus
736 2473 862 2515 etiam
886 2476 1157 2540 lele‘YssantiS
1175 2477 1381 2520 convertit

0 2528 142 2601 ¹nobis
166 2539 373 2588 Dominus
411 2544 462 2590 ad
499 2545 690 2591 salutem.
725 2544 918 2610 Denique
950 2545 1077 2603 hujus
1106 2548 1262 2599 malitia
1298 2548 1381 2597 Job

73 2631 221 2666 ¹.Ezech
241 2643 348 2666 xxvm
357 2656 367 2673 ‚
391 2635 437 2667 13.
