1742 3233
333 232 419 283 330
877 261 908 287 s.
945 261 1134 289 AMBROSH

330 332 452 389 culpa
469 331 661 374 fervet'in
679 347 855 392 corpore
871 371 880 386 ‚
901 346 944 381 et
967 339 1102 380 anima
1124 338 1356 396 exagitatur
1377 342 1564 398 corporis
1585 357 1684 401 pas-

333 403 533 451 sionibus,
559 419 645 445 non
668 405 822 461 cogitat
842 407 978 449 Deum
997 425 1139 449 sensus
1162 411 1338 451 errantis
1354 444 1365 459 ,
1390 412 1470 453 hoc
1493 422 1579 462 est,
1599 429 1684 456 non

335 473 450 514 audit
465 474 601 514 Deum
613 476 896 518 ambulantem
910 478 951 519 iu
969 478 1196 536 Scripturis
1214 480 1378 529 divinis,
1400 483 1686 526 ambulantem

331 542 372 583 in
394 544 604 585 mentibus
616 545 889 601 singulorum.
907 548 1019 590 Dicit
1033 549 1145 590 enim
1161 550 1272 591 Deus
1291 567 1300 592 ε
1317 553 1554 603 «Quoniam
1570 555 1686 596 inha-

333 630 349 651 »
363 613 504 654 bitabo
515 613 556 654 in
567 614 659 662 illis,
674 624 713 656 et
724 615 832 658 iuter
843 632 912 659 eos
926 619 1170 667 ambulabo,
1186 620 1676 674 cte1-0illoru1nDeus¹‚»

336 683 444 739 Ergo
469 698 566 724 cum
583 684 623 724 in
645 685 790 726 animae
814 701 980 729 sensum
1003 690 1173 730 redierit
1187 691 1402 746 potestatis
1424 692 1605 733 formido
1630 692 1689 734 di-

337 751 458 798 vinae,
485 760 575 793 tum
596 753 909 804 erubescimus,
940 765 1043 798 tunc
1068 774 1144 800 nos
1173 760 1372 815 gestimus
1404 760 1687 809 abscondere,

337 827 438 861 tunc
468 821 509 861 in
539 831 811 878 peccatorum
840 834 1080 867 nostrorum
1107 828 1229 884 positi
1261 829 1583 887 cogitationibus
1603 862 1615 879 ,
1648 830 1690 870 in

335 889 473 932 medio
496 892 596 948 ligni
619 893 813 949 paradisi,
837 896 911 936 ubi
928 897 1208 952 peccavimus,
1234 897 1604 955 deprehendimur,
1629 901 1691 941 la-

338 969 427 1002 tere
437 961 682 1017 cupientes,
703 971 744 1004 et
765 965 1013 1007 arbitrantes
1036 968 1148 1022 quod
1171 967 1283 1008 Deus
1303 983 1388 1009 non
1410 969 1600 1024 requirat
1617 984 1693 1010 oc-

340 1032 463 1071 culta.
498 1030 580 1072 Sed
607 1042 813 1074 scrutator
836 1035 1072 1075 animorum
1094 1044 1137 1077 et
1159 1036 1459 1092 cogitationum
1483 1053 1616 1093 usque
1641 1039 1694 1079 ad

341 1101 587 1142 divisionem
605 1102 751 1143 animae
769 1112 991 1159 penetrans
1015 1105 1141 1147 dicit:
1169 1123 1184 1144 «
1205 1105 1357 1154 Adam,
1381 1106 1455 1148 ubi
1478 1121 1521 1148 es
1543 1105 1554 1127 ³
1575 1106 1625 1147 P»

399 1169 552 1212 LXIX.
592 1171 817 1222 Quomodo
840 1174 1026 1230 loquitur
1048 1174 1196 1216 Deus?
1228 1175 1441 1232 Numquid
1468 1189 1570 1224 voce
1598 1189 1695 1217 cor—

342 1255 470 1296 porea
496 1240 513 1281 Ξ)
543 1240 635 1282 Non
670 1243 843 1298 utiquc,
879 1246 951 1284 sed
978 1245 1130 1285 virtute
1163 1245 1341 1300 quadam
1376 1244 1662 1302 praestantiore
1681 1275 1692 1292 ,

343 1325 468 1365 quam
486 1325 565 1351 vox
582 1313 768 1367 corporis
785 1321 922 1368 potest
938 1329 1043 1360 esse,
1062 1314 1198 1354 fundit
1215 1316 1396 1355 oracula.
1415 1315 1534 1355 Hanc
1546 1327 1696 1355 vocem

345 1379 436 1436 ejus
464 1381 682 1438 Prophetae
713 1382 966 1430 audierunt3
1001 1383 1111 1424 hanc
1135 1399 1284 1425 vocem
1320 1382 1463 1425 fideles
1495 1383 1694 1430 audiunt,

344 1449 459 1507 impii
487 1466 570 1492 non
597 1451 845 1508 intelligunt.
878 1453 1068 1509 Denique-
1097 1453 1138 1494 in
1167 1454 1391 1510 Evangelio
1420 1453 1570 1501 habes,
1601 1452 1698 1508 quia

347 1521 505 1562 audivit
524 1521 786 1578 Evangelista
809 1523 1020 1564 dicentem
1039 1524 1204 1565 Patrem
1225 1539 1233 1564 :
1267 1542 1282 1561 «
1303 1524 1354 1564 Et
1381 1522 1632 1571 clarificavi,
1656 1529 1699 1564 et

348 1608 364 1628 ιι
379 1589 528 1631 iterum
552 1591 807 1633 clarificati&
829 1609 838 1634 :
859 1612 874 1631 ι)
889 1593 960 1635 sed
979 1594 1114 1636 Juclaei
1131 1609 1215 1635 non
1236 1594 1471 1635 audierunt.
1493 1593 1701 1634 Dicebant

345 1659 459 1700 enim
480 1675 489 1700 :
517 1678 532 1697 α
554 1661 805 1702 Tonitruum
826 1662 982 1703 sactum
998 1671 1061 1704 est
1082 1664 1110 1704 ¹⁰.
1143 1682 1159 1701 ι)
1185 1657 1282 1704 'Illic
1299 1678 1399 1719 ergo
1414 1695 1425 1711 ,
1451 1663 1560 1704 sicut
1576 1676 1700 1719 supra

346 1728 495 1777 habes,
519 1730 615 1785 quia
637 1731 896 1772 sentiebatur
923 1734 1196 1774 deambulans
1217 1734 1328 1774 Deus
1356 1733 1427 1789 qui
1447 1747 1532 1774 non
1556 1734 1701 1773 deam-

347 1797 544 1840 bulabat:
565 1799 622 1841 sic
640 1800 889 1842 audiebatur
904 1803 1078 1858 loquens
1096 1795 1224 1849 Deus,
1245 1802 1315 1858 qui
1333 1817 1417 1843 non
1433 1802 1695 1858 loquebatur.

406 1868 537 1910 LXX.
575 1869 659 1911 Sed
679 1872 780 1927 quid
798 1874 1020 1928 loquatur,
1048 1871 1360 1921 consideremus
1381 1887 1390 1913 :
1416 1889 1432 1919 (ς
1453 1872 1605 1918 Adam,
1629 1870 1702 1912 ubi

350 1937 459 1980 nes?
483 1956 498 1977 »
537 1938 688 1981 Adhuc
714 1940 755 1980 in
781 1941 845 1981 his
867 1941 1099 1982 remedium
1123 1941 1307 1983 sanitatis
1325 1950 1408 1990 est,
1434 1941 1505 1998 qui
1529 1940 1704 1982 audiunt

352 2007 429 2048 Dei
451 2008 640 2049 verbum.
663 2009 852 2065 Denique
874 2009 1025 2058 Judaei,
1045 2011 1115 2066 qui
1138 2011 1214 2052 sibi
1241 2013 1481 2052 clauserunt
1512 2025 1630 2052 aures
1651 2024 1705 2050 ne

352 2077 565 2126 audirent,
590 2078 797 2135 hodieque
824 2095 907 2121 non
932 2089 1147 2122 merentur
1175 2081 1331 2123 audire.
1364 2081 1525 2129 Deinde
1547 2081 1706 2122 habent
1731 2100 1733 2103 ·

351 2146 585 2188 remedium
618 2149 689 2204 qui
720 2164 763 2190 se
795 2150 1115 2192 absconderunt.
1158 2151 1262 2192 Nam
1292 2151 1363 2207 qui
1398 2150 1669 2192 absconditur
1692 2181 1702 2197 ‚

353 2218 564 2259 erubescit
584 2233 593 2259 :
614 2219 683 2274 qui
709 2220 933 2269 erubescit,
957 2221 1237 2270 convertitur,
1264 2221 1373 2263 sicut
1394 2220 1598 2278 scriptum
1614 2227 1702 2261 est:
1741 2279 1742 2282 Ἴ

367 2305 383 2326 «
401 2288 737 2338 Consundautur,
752 2299 789 2331 et
810 2299 1106 2332 convertantur
1128 2306 1273 2332 omnes
1289 2292 1410 2333 valde
1422 2289 1663 2332 velociter⁵.
1679 2305 1695 2327 n

353 2357 515 2399 Deinde
538 2359 618 2400 hoc
635 2360 770 2416 ipsum
792 2348 905 2416 quo-d
922 2369 1066 2408 vocat,
1085 2361 1288 2403 indicium
1309 2360 1490 2402 sanaturi
1513 2367 1590 2407 est,
1610 2357 1708 2415 quia

355 2427 559 2469 Dominus
582 2443 685 2485 quos
703 2431 941 2480 miseratur,
965 2439 1006 2473 et
1026 2439 1158 2482 vocat.
1187 2431 1376 2473 Dicendo
1394 2438 1558 2482 autem:
1589 2446 1605 2467 α
1628 2426 1707 2470 Ubi
1728 2472 1732 2476 ,

400 2544 408 2558 ¹
431 2535 535 2569 Levit.
549 2548 640 2574 xxvi,
663 2549 709 2570 ιιι.
728 2558 766 2563 -
784 2549 796 2563 ²
814 2540 896 2572 Gen.
913 2551 1010 2582 ιιι,9.
1030 2557 1068 2564 --
1088 2542 1100 2563 ³
1119 2539 1212 2572 Joan.
1231 2551 1276 2571 ιιι
1291 2562 1299 2576 ,
1323 2539 1374 2571 28.
1394 2556 1432 2563 -
1451 2542 1463 2566 ⁴
1481 2537 1567 2571 thid.
1589 2547 1642 2579 29-
1663 2552 1703 2558 -

363 2587 376 2607 ⁵
392 2590 474 2622 Psat.
490 2601 599 2628 v1,11.
