<?xml version="1.0" encoding="UTF-8"?>
<!DOCTYPE html PUBLIC "-//W3C//DTD XHTML 1.0 Transitional//EN"
    "http://www.w3.org/TR/xhtml1/DTD/xhtml1-transitional.dtd">
<html xmlns="http://www.w3.org/1999/xhtml" xml:lang="en" lang="en">
 <head>
  <title>
</title>
<meta http-equiv="Content-Type" content="text/html;charset=utf-8" />
  <meta name='ocr-system' content='tesseract 3.04.00' />
  <meta name='ocr-capabilities' content='ocr_page ocr_carea ocr_par ocr_line ocrx_word'/>
</head>
<body>
  <div class='ocr_page' id='page_1' title='image "./omniaequaeextant01ambruoft_0042.png"; bbox 0 0 1747 3260; ppageno 0'>
   <div class='ocr_carea' id='block_1_1' title="bbox 338 220 1146 263">
    <p class='ocr_par' dir='ltr' id='par_1_1' title="bbox 338 220 1146 263">
     <span class='ocr_line' id='line_1_1' title="bbox 338 220 1146 263; baseline 0.009 -8"><span class='ocrx_word' id='word_1_1' title='bbox 338 220 392 263; x_wconf 86' lang='lat'>32</span> <span class='ocrx_word' id='word_1_2' title='bbox 885 233 915 261; x_wconf 88' lang='lat' dir='ltr'>s.</span> <span class='ocrx_word' id='word_1_3' title='bbox 956 232 1146 262; x_wconf 70' lang='lat' dir='ltr'>Aunnosn</span> 
     </span>
    </p>
   </div>
   <div class='ocr_carea' id='block_1_2' title="bbox 332 309 1747 2404">
    <p class='ocr_par' dir='ltr' id='par_1_2' title="bbox 332 309 1695 1211">
     <span class='ocr_line' id='line_1_2' title="bbox 332 309 1694 370; baseline 0.004 -18"><span class='ocrx_word' id='word_1_4' title='bbox 332 310 669 370; x_wconf 82' lang='lat' dir='ltr'><strong>perfunctionem</strong></span> <span class='ocrx_word' id='word_1_5' title='bbox 691 309 849 352; x_wconf 90' lang='lat' dir='ltr'>deliciis</span> <span class='ocrx_word' id='word_1_6' title='bbox 880 309 1107 367; x_wconf 89' lang='lat' dir='ltr'>acquirere.</span> <span class='ocrx_word' id='word_1_7' title='bbox 1133 309 1324 368; x_wconf 89' lang='lat' dir='ltr'>Denique</span> <span class='ocrx_word' id='word_1_8' title='bbox 1351 311 1466 369; x_wconf 82' lang='lat' dir='ltr'>prius</span> <span class='ocrx_word' id='word_1_9' title='bbox 1488 327 1615 369; x_wconf 89' lang='lat' dir='ltr'>quam</span> <span class='ocrx_word' id='word_1_10' title='bbox 1639 315 1694 358; x_wconf 87' lang='lat' dir='ltr'>ad</span> 
     </span>
     <span class='ocr_line' id='line_1_3' title="bbox 336 379 1692 439; baseline 0.002 -17"><span class='ocrx_word' id='word_1_11' title='bbox 336 381 483 439; x_wconf 81' lang='lat' dir='ltr'>populi</span> <span class='ocrx_word' id='word_1_12' title='bbox 500 379 705 422; x_wconf 84' lang='lat' dir='ltr'>liberandi</span> <span class='ocrx_word' id='word_1_13' title='bbox 719 394 873 422; x_wconf 87' lang='lat' dir='ltr'>munus</span> <span class='ocrx_word' id='word_1_14' title='bbox 886 388 1122 429; x_wconf 87' lang='lat' dir='ltr'>vocaretur,</span> <span class='ocrx_word' id='word_1_15' title='bbox 1137 380 1311 422; x_wconf 85' lang='lat' dir='ltr'>naturali</span> <span class='ocrx_word' id='word_1_16' title='bbox 1333 382 1536 438; x_wconf 61' lang='lat' dir='ltr'>aequitatis</span> <span class='ocrx_word' id='word_1_17' title='bbox 1555 383 1692 426; x_wconf 88' lang='lat' dir='ltr'>studio</span> 
     </span>
     <span class='ocr_line' id='line_1_4' title="bbox 333 449 1694 510; baseline 0.003 -17"><span class='ocrx_word' id='word_1_18' title='bbox 333 459 585 510; x_wconf 81' lang='lat' dir='ltr'>provocatus</span> <span class='ocrx_word' id='word_1_19' title='bbox 601 483 611 500; x_wconf 94' lang='lat'>‚</span> <span class='ocrx_word' id='word_1_20' title='bbox 637 449 912 507; x_wconf 80' lang='lat' dir='ltr'><strong>accipientem</strong></span> <span class='ocrx_word' id='word_1_21' title='bbox 935 450 1130 507; x_wconf 86' lang='lat' dir='ltr'>injuriam</span> <span class='ocrx_word' id='word_1_22' title='bbox 1156 451 1207 493; x_wconf 89' lang='lat' dir='ltr'>de</span> <span class='ocrx_word' id='word_1_23' title='bbox 1228 453 1500 509; x_wconf 87' lang='lat' dir='ltr'>popularibus</span> <span class='ocrx_word' id='word_1_24' title='bbox 1525 454 1610 496; x_wconf 88' lang='lat' dir='ltr'>suis</span> <span class='ocrx_word' id='word_1_25' title='bbox 1627 456 1694 498; x_wconf 88' lang='lat' dir='ltr'>ul-</span> 
     </span>
     <span class='ocr_line' id='line_1_5' title="bbox 335 520 1693 579; baseline 0.001 -15"><span class='ocrx_word' id='word_1_26' title='bbox 335 530 418 570; x_wconf 80' lang='lat' dir='ltr'>tus,</span> <span class='ocrx_word' id='word_1_27' title='bbox 444 520 606 563; x_wconf 84' lang='lat' dir='ltr'>invidiae</span> <span class='ocrx_word' id='word_1_28' title='bbox 628 535 716 562; x_wconf 91' lang='lat' dir='ltr'>sese</span> <span class='ocrx_word' id='word_1_29' title='bbox 743 520 875 569; x_wconf 86' lang='lat' dir='ltr'><strong>dedit,</strong></span> <span class='ocrx_word' id='word_1_30' title='bbox 894 520 1183 577; x_wconf 77' lang='lat' dir='ltr'>voluptatique</span> <span class='ocrx_word' id='word_1_31' title='bbox 1203 521 1372 578; x_wconf 87' lang='lat' dir='ltr'>eripuit,</span> <span class='ocrx_word' id='word_1_32' title='bbox 1401 530 1524 579; x_wconf 86' lang='lat' dir='ltr'>atque</span> <span class='ocrx_word' id='word_1_33' title='bbox 1548 538 1693 567; x_wconf 91' lang='lat' dir='ltr'>omnes</span> 
     </span>
     <span class='ocr_line' id='line_1_6' title="bbox 333 589 1694 650; baseline 0.001 -16"><span class='ocrx_word' id='word_1_34' title='bbox 333 591 459 649; x_wconf 81' lang='lat' dir='ltr'>regiae</span> <span class='ocrx_word' id='word_1_35' title='bbox 482 592 629 633; x_wconf 90' lang='lat' dir='ltr'>domus</span> <span class='ocrx_word' id='word_1_36' title='bbox 663 589 876 631; x_wconf 86' lang='lat' dir='ltr'>declinans</span> <span class='ocrx_word' id='word_1_37' title='bbox 900 591 1104 631; x_wconf 85' lang='lat' dir='ltr'>tumultus</span> <span class='ocrx_word' id='word_1_38' title='bbox 1125 621 1136 638; x_wconf 93' lang='lat'>,</span> <span class='ocrx_word' id='word_1_39' title='bbox 1169 589 1211 631; x_wconf 90' lang='lat' dir='ltr'>in</span> <span class='ocrx_word' id='word_1_40' title='bbox 1237 599 1447 633; x_wconf 85' lang='lat' dir='ltr'>secretum</span> <span class='ocrx_word' id='word_1_41' title='bbox 1470 592 1694 650; x_wconf 85' lang='lat' dir='ltr'>AEthiopiae</span> 
     </span>
     <span class='ocr_line' id='line_1_7' title="bbox 336 658 1694 717; baseline -0.001 -11"><span class='ocrx_word' id='word_1_42' title='bbox 336 677 379 706; x_wconf 91' lang='lat' dir='ltr'>se</span> <span class='ocrx_word' id='word_1_43' title='bbox 400 660 598 709; x_wconf 88' lang='lat' dir='ltr'>contulit,</span> <span class='ocrx_word' id='word_1_44' title='bbox 624 659 766 716; x_wconf 83' lang='lat' dir='ltr'>ibique</span> <span class='ocrx_word' id='word_1_45' title='bbox 798 674 820 700; x_wconf 89' lang='lat' dir='ltr'>a</span> <span class='ocrx_word' id='word_1_46' title='bbox 853 658 1018 701; x_wconf 77' lang='lat' dir='ltr'>coeteris</span> <span class='ocrx_word' id='word_1_47' title='bbox 1040 659 1216 717; x_wconf 83' lang='lat' dir='ltr'>negotiis</span> <span class='ocrx_word' id='word_1_48' title='bbox 1238 668 1440 710; x_wconf 89' lang='lat' dir='ltr'>remotus,</span> <span class='ocrx_word' id='word_1_49' title='bbox 1469 668 1603 703; x_wconf 86' lang='lat' dir='ltr'>totum</span> <span class='ocrx_word' id='word_1_50' title='bbox 1626 662 1694 704; x_wconf 89' lang='lat' dir='ltr'>di-</span> 
     </span>
     <span class='ocr_line' id='line_1_8' title="bbox 334 728 1695 788; baseline -0.001 -13"><span class='ocrx_word' id='word_1_51' title='bbox 334 732 441 776; x_wconf 82' lang='lat' dir='ltr'>vinae</span> <span class='ocrx_word' id='word_1_52' title='bbox 463 728 691 788; x_wconf 81' lang='lat' dir='ltr'>cognitioni</span> <span class='ocrx_word' id='word_1_53' title='bbox 716 728 902 770; x_wconf 89' lang='lat' dir='ltr'>animum</span> <span class='ocrx_word' id='word_1_54' title='bbox 935 728 1136 778; x_wconf 81' lang='lat' dir='ltr'>intendit,</span> <span class='ocrx_word' id='word_1_55' title='bbox 1164 738 1210 772; x_wconf 88' lang='lat' dir='ltr'>ut</span> <span class='ocrx_word' id='word_1_56' title='bbox 1232 730 1408 787; x_wconf 78' lang='lat' dir='ltr'>gloriam</span> <span class='ocrx_word' id='word_1_57' title='bbox 1435 729 1512 772; x_wconf 92' lang='lat' dir='ltr'>Dei</span> <span class='ocrx_word' id='word_1_58' title='bbox 1533 730 1695 773; x_wconf 86' lang='lat' dir='ltr'>videret</span> 
     </span>
     <span class='ocr_line' id='line_1_9' title="bbox 335 797 1693 856; baseline -0.001 -12"><span class='ocrx_word' id='word_1_59' title='bbox 335 801 443 845; x_wconf 78' lang='lat' dir='ltr'>facie</span> <span class='ocrx_word' id='word_1_60' title='bbox 476 800 529 841; x_wconf 88' lang='lat' dir='ltr'>ad</span> <span class='ocrx_word' id='word_1_61' title='bbox 557 798 719 840; x_wconf 84' lang='lat' dir='ltr'>faciem.</span> <span class='ocrx_word' id='word_1_62' title='bbox 751 797 828 838; x_wconf 85' lang='lat' dir='ltr'>Cui</span> <span class='ocrx_word' id='word_1_63' title='bbox 860 797 1109 840; x_wconf 86' lang='lat' dir='ltr'>testificatur</span> <span class='ocrx_word' id='word_1_64' title='bbox 1138 797 1376 856; x_wconf 78' lang='lat' dir='ltr'>Scriptura,</span> <span class='ocrx_word' id='word_1_65' title='bbox 1401 799 1496 856; x_wconf 85' lang='lat' dir='ltr'>quia</span> <span class='ocrx_word' id='word_1_66' title='bbox 1522 817 1537 838; x_wconf 92' lang='lat'>«</span> <span class='ocrx_word' id='word_1_67' title='bbox 1561 799 1693 842; x_wconf 91' lang='lat' dir='ltr'>Nemo</span> 
     </span>
     <span class='ocr_line' id='line_1_10' title="bbox 336 867 1694 927; baseline -0.001 -13"><span class='ocrx_word' id='word_1_68' title='bbox 336 891 354 914; x_wconf 76' lang='lat'>2&gt;</span> <span class='ocrx_word' id='word_1_69' title='bbox 369 870 546 914; x_wconf 85' lang='lat' dir='ltr'>surrexit</span> <span class='ocrx_word' id='word_1_70' title='bbox 562 869 737 926; x_wconf 88' lang='lat' dir='ltr'>amplius</span> <span class='ocrx_word' id='word_1_71' title='bbox 758 867 967 925; x_wconf 80' lang='lat' dir='ltr'>Propheta</span> <span class='ocrx_word' id='word_1_72' title='bbox 991 868 1033 909; x_wconf 94' lang='lat' dir='ltr'>in</span> <span class='ocrx_word' id='word_1_73' title='bbox 1055 870 1203 918; x_wconf 80' lang='lat' dir='ltr'>Isra&#39;el,</span> <span class='ocrx_word' id='word_1_74' title='bbox 1230 870 1337 912; x_wconf 87' lang='lat' dir='ltr'>sicut</span> <span class='ocrx_word' id='word_1_75' title='bbox 1357 870 1538 927; x_wconf 80' lang='lat' dir='ltr'>Moyses,</span> <span class='ocrx_word' id='word_1_76' title='bbox 1568 884 1694 927; x_wconf 88' lang='lat' dir='ltr'>quem</span> 
     </span>
     <span class='ocr_line' id='line_1_11' title="bbox 334 937 1695 997; baseline -0.001 -13"><span class='ocrx_word' id='word_1_77' title='bbox 334 961 353 984; x_wconf 64' lang='lat'>³&gt;</span> <span class='ocrx_word' id='word_1_78' title='bbox 368 942 486 985; x_wconf 87' lang='lat' dir='ltr'>seivit</span> <span class='ocrx_word' id='word_1_79' title='bbox 507 939 711 983; x_wconf 88' lang='lat' dir='ltr'>Dominus</span> <span class='ocrx_word' id='word_1_80' title='bbox 732 937 838 980; x_wconf 86' lang='lat' dir='ltr'>facie</span> <span class='ocrx_word' id='word_1_81' title='bbox 862 939 915 980; x_wconf 82' lang='lat' dir='ltr'>ad</span> <span class='ocrx_word' id='word_1_82' title='bbox 936 938 1085 980; x_wconf 84' lang='lat' dir='ltr'>faciem</span> <span class='ocrx_word' id='word_1_83' title='bbox 1100 938 1129 981; x_wconf 87' lang='lat'>¹.</span> <span class='ocrx_word' id='word_1_84' title='bbox 1159 957 1173 977; x_wconf 89' lang='lat'>»</span> <span class='ocrx_word' id='word_1_85' title='bbox 1189 939 1280 982; x_wconf 90' lang='lat' dir='ltr'>Non</span> <span class='ocrx_word' id='word_1_86' title='bbox 1293 939 1335 980; x_wconf 92' lang='lat' dir='ltr'>in</span> <span class='ocrx_word' id='word_1_87' title='bbox 1355 939 1513 981; x_wconf 75' lang='lat' dir='ltr'>visione</span> <span class='ocrx_word' id='word_1_88' title='bbox 1527 971 1539 988; x_wconf 96' lang='lat'>‚</span> <span class='ocrx_word' id='word_1_89' title='bbox 1557 954 1695 997; x_wconf 87' lang='lat' dir='ltr'>neque</span> 
     </span>
     <span class='ocr_line' id='line_1_12' title="bbox 338 1007 1695 1066; baseline -0.004 -11"><span class='ocrx_word' id='word_1_90' title='bbox 338 1012 382 1056; x_wconf 88' lang='lat' dir='ltr'>in</span> <span class='ocrx_word' id='word_1_91' title='bbox 415 1009 610 1058; x_wconf 90' lang='lat' dir='ltr'>somniis,</span> <span class='ocrx_word' id='word_1_92' title='bbox 634 1009 708 1050; x_wconf 93' lang='lat' dir='ltr'>sed</span> <span class='ocrx_word' id='word_1_93' title='bbox 733 1022 778 1049; x_wconf 90' lang='lat' dir='ltr'>os</span> <span class='ocrx_word' id='word_1_94' title='bbox 802 1009 855 1050; x_wconf 88' lang='lat' dir='ltr'>ad</span> <span class='ocrx_word' id='word_1_95' title='bbox 886 1022 932 1050; x_wconf 92' lang='lat' dir='ltr'>os</span> <span class='ocrx_word' id='word_1_96' title='bbox 953 1007 1041 1050; x_wconf 89' lang='lat' dir='ltr'>Deo</span> <span class='ocrx_word' id='word_1_97' title='bbox 1071 1024 1235 1050; x_wconf 88' lang='lat' dir='ltr'>summo</span> <span class='ocrx_word' id='word_1_98' title='bbox 1267 1010 1456 1058; x_wconf 82' lang='lat' dir='ltr'>locutus3</span> <span class='ocrx_word' id='word_1_99' title='bbox 1484 1023 1620 1066; x_wconf 91' lang='lat' dir='ltr'>neque</span> <span class='ocrx_word' id='word_1_100' title='bbox 1652 1008 1695 1051; x_wconf 92' lang='lat' dir='ltr'>in</span> 
     </span>
     <span class='ocr_line' id='line_1_13' title="bbox 339 1078 1695 1141; baseline -0.003 -16"><span class='ocrx_word' id='word_1_101' title='bbox 339 1081 499 1141; x_wconf 86' lang='lat' dir='ltr'>specie,</span> <span class='ocrx_word' id='word_1_102' title='bbox 534 1093 671 1135; x_wconf 90' lang='lat' dir='ltr'>neque</span> <span class='ocrx_word' id='word_1_103' title='bbox 703 1093 778 1136; x_wconf 91' lang='lat' dir='ltr'>per</span> <span class='ocrx_word' id='word_1_104' title='bbox 803 1078 1049 1136; x_wconf 82' lang='lat' dir='ltr'>aenigmata‚</span> <span class='ocrx_word' id='word_1_105' title='bbox 1079 1079 1152 1120; x_wconf 88' lang='lat' dir='ltr'>sed</span> <span class='ocrx_word' id='word_1_106' title='bbox 1182 1080 1292 1120; x_wconf 88' lang='lat' dir='ltr'>clara</span> <span class='ocrx_word' id='word_1_107' title='bbox 1329 1087 1452 1136; x_wconf 87' lang='lat' dir='ltr'>atque</span> <span class='ocrx_word' id='word_1_108' title='bbox 1472 1079 1695 1137; x_wconf 85' lang='lat' dir='ltr'>perspicua</span> 
     </span>
     <span class='ocr_line' id='line_1_14' title="bbox 336 1147 1222 1211; baseline -0.005 -17"><span class='ocrx_word' id='word_1_109' title='bbox 336 1150 568 1211; x_wconf 83' lang='lat' dir='ltr'>praesentiae</span> <span class='ocrx_word' id='word_1_110' title='bbox 589 1148 738 1191; x_wconf 84' lang='lat' dir='ltr'>divinae</span> <span class='ocrx_word' id='word_1_111' title='bbox 763 1147 1004 1206; x_wconf 81' lang='lat' dir='ltr'>dignatione</span> <span class='ocrx_word' id='word_1_112' title='bbox 1030 1150 1222 1190; x_wconf 79' lang='lat' dir='ltr'>donatus.</span> 
     </span>
    </p>

    <p class='ocr_par' dir='ltr' id='par_1_3' title="bbox 335 1217 1747 2404">
     <span class='ocr_line' id='line_1_15' title="bbox 397 1217 1747 1276; baseline -0.001 -13"><span class='ocrx_word' id='word_1_113' title='bbox 397 1221 485 1265; x_wconf 89' lang='lat' dir='ltr'>Vll.</span> <span class='ocrx_word' id='word_1_114' title='bbox 523 1221 562 1261; x_wconf 93' lang='lat' dir='ltr'>Is</span> <span class='ocrx_word' id='word_1_115' title='bbox 585 1220 726 1275; x_wconf 89' lang='lat' dir='ltr'>itaque</span> <span class='ocrx_word' id='word_1_116' title='bbox 745 1218 908 1275; x_wconf 87' lang='lat' dir='ltr'>Moyses</span> <span class='ocrx_word' id='word_1_117' title='bbox 933 1217 1095 1275; x_wconf 88' lang='lat' dir='ltr'>aperuit</span> <span class='ocrx_word' id='word_1_118' title='bbox 1117 1233 1161 1260; x_wconf 89' lang='lat' dir='ltr'>os</span> <span class='ocrx_word' id='word_1_119' title='bbox 1185 1233 1322 1266; x_wconf 86' lang='lat' dir='ltr'>suum,</span> <span class='ocrx_word' id='word_1_120' title='bbox 1350 1227 1393 1260; x_wconf 88' lang='lat' dir='ltr'>et</span> <span class='ocrx_word' id='word_1_121' title='bbox 1422 1218 1570 1261; x_wconf 87' lang='lat' dir='ltr'>ess&#39;udit</span> <span class='ocrx_word' id='word_1_122' title='bbox 1603 1234 1695 1276; x_wconf 87' lang='lat' dir='ltr'>quae</span> <span class='ocrx_word' id='word_1_123' title='bbox 1744 1247 1747 1266; x_wconf 57' lang='grc' dir='ltr'>ι,</span> 
     </span>
     <span class='ocr_line' id='line_1_16' title="bbox 340 1282 1747 1344; baseline -0.002 -10"><span class='ocrx_word' id='word_1_124' title='bbox 340 1291 446 1335; x_wconf 86' lang='lat' dir='ltr'>ineo</span> <span class='ocrx_word' id='word_1_125' title='bbox 459 1289 664 1332; x_wconf 88' lang='lat' dir='ltr'>Dominus</span> <span class='ocrx_word' id='word_1_126' title='bbox 675 1288 942 1344; x_wconf 88' lang='lat' dir='ltr'>loquebatur,</span> <span class='ocrx_word' id='word_1_127' title='bbox 965 1288 1200 1329; x_wconf 85' lang='lat' dir='ltr'>secundum</span> <span class='ocrx_word' id='word_1_128' title='bbox 1212 1288 1327 1343; x_wconf 91' lang='lat' dir='ltr'>quod</span> <span class='ocrx_word' id='word_1_129' title='bbox 1342 1286 1380 1329; x_wconf 90' lang='lat' dir='ltr'>ei</span> <span class='ocrx_word' id='word_1_130' title='bbox 1398 1288 1576 1337; x_wconf 83' lang='lat' dir='ltr'>dixerat,</span> <span class='ocrx_word' id='word_1_131' title='bbox 1596 1303 1695 1331; x_wconf 87' lang='lat' dir='ltr'>cum</span> <span class='ocrx_word' id='word_1_132' title='bbox 1743 1282 1747 1321; x_wconf 74' lang='grc' dir='ltr'>ἶ</span> 
     </span>
     <span class='ocr_line' id='line_1_17' title="bbox 337 1354 1745 1416; baseline -0.005 -12"><span class='ocrx_word' id='word_1_133' title='bbox 337 1376 436 1404; x_wconf 88' lang='lat' dir='ltr'>eum</span> <span class='ocrx_word' id='word_1_134' title='bbox 462 1361 515 1402; x_wconf 88' lang='lat' dir='ltr'>ad</span> <span class='ocrx_word' id='word_1_135' title='bbox 535 1358 695 1401; x_wconf 86' lang='lat' dir='ltr'>Pharao</span> <span class='ocrx_word' id='word_1_136' title='bbox 718 1372 861 1415; x_wconf 84' lang='lat' dir='ltr'>regem</span> <span class='ocrx_word' id='word_1_137' title='bbox 882 1357 1078 1414; x_wconf 84' lang='lat' dir='ltr'>dirigeret</span> <span class='ocrx_word' id='word_1_138' title='bbox 1099 1372 1107 1398; x_wconf 91' lang='lat'><strong>:</strong></span> <span class='ocrx_word' id='word_1_139' title='bbox 1126 1374 1141 1395; x_wconf 89' lang='lat'>«</span> <span class='ocrx_word' id='word_1_140' title='bbox 1162 1357 1278 1399; x_wconf 85' lang='lat' dir='ltr'>Vade</span> <span class='ocrx_word' id='word_1_141' title='bbox 1300 1371 1416 1415; x_wconf 81' lang='lat' dir='ltr'>ergO,</span> <span class='ocrx_word' id='word_1_142' title='bbox 1440 1366 1482 1399; x_wconf 89' lang='lat' dir='ltr'>et</span> <span class='ocrx_word' id='word_1_143' title='bbox 1502 1373 1578 1415; x_wconf 87' lang='lat' dir='ltr'>ego</span> <span class='ocrx_word' id='word_1_144' title='bbox 1603 1373 1697 1416; x_wconf 79' lang='lat' dir='ltr'>ape·</span> <span class='ocrx_word' id='word_1_145' title='bbox 1742 1354 1745 1397; x_wconf 79' lang='lat' dir='ltr'>j</span> 
     </span>
     <span class='ocr_line' id='line_1_18' title="bbox 335 1426 1695 1484; baseline -0.001 -11"><span class='ocrx_word' id='word_1_146' title='bbox 335 1449 353 1472; x_wconf 64' lang='lat' dir='ltr'>a</span> <span class='ocrx_word' id='word_1_147' title='bbox 367 1431 472 1473; x_wconf 89' lang='lat' dir='ltr'>riam</span> <span class='ocrx_word' id='word_1_148' title='bbox 490 1444 535 1471; x_wconf 90' lang='lat' dir='ltr'>os</span> <span class='ocrx_word' id='word_1_149' title='bbox 551 1437 688 1478; x_wconf 87' lang='lat' dir='ltr'>tuum,</span> <span class='ocrx_word' id='word_1_150' title='bbox 702 1435 743 1469; x_wconf 87' lang='lat' dir='ltr'>et</span> <span class='ocrx_word' id='word_1_151' title='bbox 761 1427 965 1469; x_wconf 83' lang='lat' dir='ltr'>instruam</span> <span class='ocrx_word' id='word_1_152' title='bbox 982 1435 1023 1468; x_wconf 84' lang='lat' dir='ltr'>te</span> <span class='ocrx_word' id='word_1_153' title='bbox 1040 1427 1141 1484; x_wconf 92' lang='lat' dir='ltr'>quid</span> <span class='ocrx_word' id='word_1_154' title='bbox 1159 1426 1311 1468; x_wconf 83' lang='lat' dir='ltr'>debeas</span> <span class='ocrx_word' id='word_1_155' title='bbox 1323 1426 1478 1484; x_wconf 86' lang='lat' dir='ltr'>loqui².</span> <span class='ocrx_word' id='word_1_156' title='bbox 1497 1428 1695 1471; x_wconf 86' lang='lat' dir='ltr'>»Etenim</span> 
     </span>
     <span class='ocr_line' id='line_1_19' title="bbox 338 1495 1692 1557; baseline -0.001 -14"><span class='ocrx_word' id='word_1_157' title='bbox 338 1500 374 1544; x_wconf 80' lang='lat' dir='ltr'>si</span> <span class='ocrx_word' id='word_1_158' title='bbox 394 1501 508 1557; x_wconf 91' lang='lat' dir='ltr'>quod</span> <span class='ocrx_word' id='word_1_159' title='bbox 531 1499 582 1541; x_wconf 87' lang='lat' dir='ltr'>de</span> <span class='ocrx_word' id='word_1_160' title='bbox 617 1498 772 1555; x_wconf 91' lang='lat' dir='ltr'>populo</span> <span class='ocrx_word' id='word_1_161' title='bbox 796 1495 1044 1538; x_wconf 86' lang='lat' dir='ltr'>dimittendo</span> <span class='ocrx_word' id='word_1_162' title='bbox 1069 1496 1252 1545; x_wconf 87' lang='lat' dir='ltr'>diceret,</span> <span class='ocrx_word' id='word_1_163' title='bbox 1279 1511 1300 1538; x_wconf 91' lang='lat' dir='ltr'>a</span> <span class='ocrx_word' id='word_1_164' title='bbox 1321 1496 1409 1539; x_wconf 90' lang='lat' dir='ltr'>Deo</span> <span class='ocrx_word' id='word_1_165' title='bbox 1445 1506 1692 1555; x_wconf 86' lang='lat' dir='ltr'>acceperat,</span> 
     </span>
     <span class='ocr_line' id='line_1_20' title="bbox 338 1565 1696 1628; baseline -0.002 -16"><span class='ocrx_word' id='word_1_166' title='bbox 338 1578 496 1628; x_wconf 85' lang='lat' dir='ltr'>quanto</span> <span class='ocrx_word' id='word_1_167' title='bbox 519 1568 649 1625; x_wconf 78' lang='lat' dir='ltr'>magis</span> <span class='ocrx_word' id='word_1_168' title='bbox 672 1567 786 1623; x_wconf 89' lang='lat' dir='ltr'>quod</span> <span class='ocrx_word' id='word_1_169' title='bbox 807 1567 858 1607; x_wconf 87' lang='lat' dir='ltr'>de</span> <span class='ocrx_word' id='word_1_170' title='bbox 896 1566 1002 1607; x_wconf 88' lang='lat' dir='ltr'>coelo</span> <span class='ocrx_word' id='word_1_171' title='bbox 1026 1565 1297 1622; x_wconf 73' lang='lat' dir='ltr'>loqueretur?</span> <span class='ocrx_word' id='word_1_172' title='bbox 1317 1565 1625 1622; x_wconf 84' lang='lat' dir='ltr'>Denique-non</span> <span class='ocrx_word' id='word_1_173' title='bbox 1653 1566 1696 1609; x_wconf 89' lang='lat' dir='ltr'>in</span> 
     </span>
     <span class='ocr_line' id='line_1_21' title="bbox 336 1634 1698 1699; baseline -0.004 -17"><span class='ocrx_word' id='word_1_174' title='bbox 336 1639 608 1699; x_wconf 80' lang='lat' dir='ltr'>persuasione</span> <span class='ocrx_word' id='word_1_175' title='bbox 630 1638 824 1679; x_wconf 83' lang='lat' dir='ltr'>humanae</span> <span class='ocrx_word' id='word_1_176' title='bbox 848 1635 1074 1693; x_wconf 82' lang='lat' dir='ltr'>sapientiae,</span> <span class='ocrx_word' id='word_1_177' title='bbox 1100 1650 1178 1677; x_wconf 87' lang='lat' dir='ltr'>nec</span> <span class='ocrx_word' id='word_1_178' title='bbox 1209 1635 1250 1676; x_wconf 88' lang='lat' dir='ltr'>in</span> <span class='ocrx_word' id='word_1_179' title='bbox 1270 1634 1544 1692; x_wconf 66' lang='lat' dir='ltr'>philosophice</span> <span class='ocrx_word' id='word_1_180' title='bbox 1567 1635 1698 1677; x_wconf 88' lang='lat' dir='ltr'>simu-</span> 
     </span>
     <span class='ocr_line' id='line_1_22' title="bbox 338 1704 1697 1765; baseline -0.005 -11"><span class='ocrx_word' id='word_1_181' title='bbox 338 1710 498 1756; x_wconf 85' lang='lat' dir='ltr'>latoriis</span> <span class='ocrx_word' id='word_1_182' title='bbox 520 1706 890 1765; x_wconf 83' lang='lat' dir='ltr'>disputationibus,</span> <span class='ocrx_word' id='word_1_183' title='bbox 914 1707 988 1747; x_wconf 84' lang='lat' dir='ltr'>sed</span> <span class='ocrx_word' id='word_1_184' title='bbox 1009 1705 1049 1747; x_wconf 92' lang='lat' dir='ltr'>in</span> <span class='ocrx_word' id='word_1_185' title='bbox 1067 1705 1303 1746; x_wconf 84' lang='lat' dir='ltr'>ostensione</span> <span class='ocrx_word' id='word_1_186' title='bbox 1326 1704 1495 1761; x_wconf 86' lang='lat' dir='ltr'>spiritus</span> <span class='ocrx_word' id='word_1_187' title='bbox 1512 1713 1554 1746; x_wconf 89' lang='lat' dir='ltr'>et</span> <span class='ocrx_word' id='word_1_188' title='bbox 1570 1705 1697 1747; x_wconf 76' lang='lat' dir='ltr'>virtu—</span> 
     </span>
     <span class='ocr_line' id='line_1_23' title="bbox 340 1775 1738 1836; baseline -0.005 -12"><span class='ocrx_word' id='word_1_189' title='bbox 340 1781 408 1832; x_wconf 86' lang='lat' dir='ltr'>tis,</span> <span class='ocrx_word' id='word_1_190' title='bbox 434 1789 633 1836; x_wconf 87' lang='lat' dir='ltr'>tanquam</span> <span class='ocrx_word' id='word_1_191' title='bbox 651 1776 765 1819; x_wconf 92' lang='lat' dir='ltr'>testis</span> <span class='ocrx_word' id='word_1_192' title='bbox 789 1775 916 1817; x_wconf 86' lang='lat' dir='ltr'>divini</span> <span class='ocrx_word' id='word_1_193' title='bbox 930 1775 1067 1833; x_wconf 85' lang='lat' dir='ltr'>operis</span> <span class='ocrx_word' id='word_1_194' title='bbox 1085 1790 1208 1817; x_wconf 85' lang='lat' dir='ltr'>ausus</span> <span class='ocrx_word' id='word_1_195' title='bbox 1230 1782 1291 1816; x_wconf 89' lang='lat' dir='ltr'>cst</span> <span class='ocrx_word' id='word_1_196' title='bbox 1308 1775 1446 1817; x_wconf 87' lang='lat' dir='ltr'>dicere</span> <span class='ocrx_word' id='word_1_197' title='bbox 1466 1790 1475 1817; x_wconf 92' lang='lat'><strong>:</strong></span> <span class='ocrx_word' id='word_1_198' title='bbox 1494 1793 1509 1813; x_wconf 89' lang='lat'>«</span> <span class='ocrx_word' id='word_1_199' title='bbox 1522 1775 1568 1817; x_wconf 91' lang='lat' dir='ltr'>In</span> <span class='ocrx_word' id='word_1_200' title='bbox 1579 1776 1698 1834; x_wconf 86' lang='lat' dir='ltr'>prin·</span> <span class='ocrx_word' id='word_1_201' title='bbox 1736 1810 1738 1812; x_wconf 57' lang='grc'>,</span> 
     </span>
     <span class='ocr_line' id='line_1_24' title="bbox 339 1844 1738 1909; baseline -0.004 -15"><span class='ocrx_word' id='word_1_202' title='bbox 339 1870 357 1894; x_wconf 69' lang='lat'>2³</span> <span class='ocrx_word' id='word_1_203' title='bbox 374 1851 481 1909; x_wconf 83' lang='lat' dir='ltr'>cipio</span> <span class='ocrx_word' id='word_1_204' title='bbox 503 1848 724 1891; x_wconf 86' lang='lat' dir='ltr'>fecitDeus</span> <span class='ocrx_word' id='word_1_205' title='bbox 741 1848 896 1889; x_wconf 86' lang='lat' dir='ltr'>coelum</span> <span class='ocrx_word' id='word_1_206' title='bbox 914 1853 956 1887; x_wconf 89' lang='lat' dir='ltr'>et</span> <span class='ocrx_word' id='word_1_207' title='bbox 972 1853 1141 1887; x_wconf 82' lang='lat' dir='ltr'>terram.</span> <span class='ocrx_word' id='word_1_208' title='bbox 1158 1844 1280 1887; x_wconf 87' lang='lat' dir='ltr'>»Non</span> <span class='ocrx_word' id='word_1_209' title='bbox 1297 1844 1380 1894; x_wconf 93' lang='lat' dir='ltr'>ille,</span> <span class='ocrx_word' id='word_1_210' title='bbox 1395 1853 1442 1887; x_wconf 85' lang='lat' dir='ltr'>ut</span> <span class='ocrx_word' id='word_1_211' title='bbox 1460 1853 1697 1890; x_wconf 81' lang='lat' dir='ltr'>atomorum</span> <span class='ocrx_word' id='word_1_212' title='bbox 1734 1846 1738 1856; x_wconf 55' lang='lat'>⁸</span> 
     </span>
     <span class='ocr_line' id='line_1_25' title="bbox 340 1915 1736 1977; baseline -0.004 -12"><span class='ocrx_word' id='word_1_213' title='bbox 340 1919 621 1965; x_wconf 84' lang='lat' dir='ltr'>concursione</span> <span class='ocrx_word' id='word_1_214' title='bbox 636 1919 820 1960; x_wconf 90' lang='lat' dir='ltr'>mundus</span> <span class='ocrx_word' id='word_1_215' title='bbox 848 1919 1001 1964; x_wconf 78' lang='lat' dir='ltr'>coiret,</span> <span class='ocrx_word' id='word_1_216' title='bbox 1030 1931 1169 1957; x_wconf 86' lang='lat' dir='ltr'>serum</span> <span class='ocrx_word' id='word_1_217' title='bbox 1194 1924 1317 1973; x_wconf 86' lang='lat' dir='ltr'>atque</span> <span class='ocrx_word' id='word_1_218' title='bbox 1339 1915 1520 1958; x_wconf 91' lang='lat' dir='ltr'>otiosum</span> <span class='ocrx_word' id='word_1_219' title='bbox 1544 1931 1697 1974; x_wconf 84' lang='lat' dir='ltr'>expee-</span> <span class='ocrx_word' id='word_1_220' title='bbox 1733 1970 1736 1977; x_wconf 92' lang='lat'>.</span> 
     </span>
     <span class='ocr_line' id='line_1_26' title="bbox 337 1985 1695 2047; baseline -0.005 -12"><span class='ocrx_word' id='word_1_221' title='bbox 337 1991 443 2037; x_wconf 74' lang='lat' dir='ltr'>tavit</span> <span class='ocrx_word' id='word_1_222' title='bbox 476 1988 716 2047; x_wconf 80' lang='lat' dir='ltr'>negotium3</span> <span class='ocrx_word' id='word_1_223' title='bbox 742 2001 879 2043; x_wconf 87' lang='lat' dir='ltr'>neque</span> <span class='ocrx_word' id='word_1_224' title='bbox 914 1985 1178 2043; x_wconf 85' lang='lat' dir='ltr'>disciplinam</span> <span class='ocrx_word' id='word_1_225' title='bbox 1218 1985 1450 2042; x_wconf 86' lang='lat' dir='ltr'>quamdam</span> <span class='ocrx_word' id='word_1_226' title='bbox 1491 1986 1695 2036; x_wconf 84' lang='lat' dir='ltr'>materiae,</span> 
     </span>
     <span class='ocr_line' id='line_1_27' title="bbox 341 2054 1699 2121; baseline -0.004 -17"><span class='ocrx_word' id='word_1_227' title='bbox 341 2076 470 2121; x_wconf 89' lang='lat' dir='ltr'>quam</span> <span class='ocrx_word' id='word_1_228' title='bbox 501 2057 825 2115; x_wconf 84' lang='lat' dir='ltr'>contemplando</span> <span class='ocrx_word' id='word_1_229' title='bbox 839 2089 849 2104; x_wconf 94' lang='lat'>,</span> <span class='ocrx_word' id='word_1_230' title='bbox 867 2056 1076 2098; x_wconf 89' lang='lat' dir='ltr'>mundum</span> <span class='ocrx_word' id='word_1_231' title='bbox 1097 2064 1236 2113; x_wconf 82' lang='lat' dir='ltr'>posset</span> <span class='ocrx_word' id='word_1_232' title='bbox 1257 2054 1474 2113; x_wconf 81' lang='lat' dir='ltr'>effingere,</span> <span class='ocrx_word' id='word_1_233' title='bbox 1500 2057 1574 2098; x_wconf 91' lang='lat' dir='ltr'>sed</span> <span class='ocrx_word' id='word_1_234' title='bbox 1595 2071 1699 2098; x_wconf 86' lang='lat' dir='ltr'>auc—</span> 
     </span>
     <span class='ocr_line' id='line_1_28' title="bbox 335 2119 1733 2186; baseline -0.005 -10"><span class='ocrx_word' id='word_1_235' title='bbox 335 2142 473 2178; x_wconf 78' lang='lat' dir='ltr'>torem</span> <span class='ocrx_word' id='word_1_236' title='bbox 484 2131 621 2174; x_wconf 88' lang='lat' dir='ltr'>Deum</span> <span class='ocrx_word' id='word_1_237' title='bbox 633 2127 951 2186; x_wconf 86' lang='lat' dir='ltr'>exprimendum</span> <span class='ocrx_word' id='word_1_238' title='bbox 969 2126 1140 2185; x_wconf 83' lang='lat' dir='ltr'>putavit.</span> <span class='ocrx_word' id='word_1_239' title='bbox 1152 2125 1340 2168; x_wconf 81' lang='lat' dir='ltr'>Advertit</span> <span class='ocrx_word' id='word_1_240' title='bbox 1352 2126 1465 2168; x_wconf 89' lang='lat' dir='ltr'>enim</span> <span class='ocrx_word' id='word_1_241' title='bbox 1475 2126 1537 2168; x_wconf 82' lang='lat' dir='ltr'>vir</span> <span class='ocrx_word' id='word_1_242' title='bbox 1549 2127 1644 2184; x_wconf 92' lang='lat' dir='ltr'>plen</span> <span class='ocrx_word' id='word_1_243' title='bbox 1651 2142 1697 2170; x_wconf 89' lang='lat' dir='ltr'>us</span> <span class='ocrx_word' id='word_1_244' title='bbox 1729 2119 1733 2130; x_wconf 53' lang='grc'><em>’</em></span> 
     </span>
     <span class='ocr_line' id='line_1_29' title="bbox 337 2196 1731 2265; baseline -0.003 -21"><span class='ocrx_word' id='word_1_245' title='bbox 337 2201 591 2265; x_wconf 70' lang='lat' dir='ltr'>prudentiae,</span> <span class='ocrx_word' id='word_1_246' title='bbox 612 2199 726 2256; x_wconf 90' lang='lat' dir='ltr'>quod</span> <span class='ocrx_word' id='word_1_247' title='bbox 741 2197 968 2240; x_wconf 83' lang='lat' dir='ltr'>visibilium</span> <span class='ocrx_word' id='word_1_248' title='bbox 989 2205 1112 2253; x_wconf 85' lang='lat' dir='ltr'>atque</span> <span class='ocrx_word' id='word_1_249' title='bbox 1134 2196 1403 2239; x_wconf 78' lang='lat' dir='ltr'>invisibilium</span> <span class='ocrx_word' id='word_1_250' title='bbox 1428 2197 1695 2247; x_wconf 85' lang='lat' dir='ltr'>substantias,</span> <span class='ocrx_word' id='word_1_251' title='bbox 1728 2254 1731 2261; x_wconf 28' lang='grc' dir='ltr'>ί</span> 
     </span>
     <span class='ocr_line' id='line_1_30' title="bbox 341 2267 1730 2330; baseline -0.006 -15"><span class='ocrx_word' id='word_1_252' title='bbox 341 2272 539 2330; x_wconf 81' lang='lat' dir='ltr'>origines,</span> <span class='ocrx_word' id='word_1_253' title='bbox 565 2278 607 2311; x_wconf 85' lang='lat' dir='ltr'>et</span> <span class='ocrx_word' id='word_1_254' title='bbox 628 2283 772 2311; x_wconf 86' lang='lat' dir='ltr'>causas</span> <span class='ocrx_word' id='word_1_255' title='bbox 793 2283 935 2310; x_wconf 89' lang='lat' dir='ltr'>rerum</span> <span class='ocrx_word' id='word_1_256' title='bbox 952 2283 1071 2309; x_wconf 85' lang='lat' dir='ltr'>mens</span> <span class='ocrx_word' id='word_1_257' title='bbox 1095 2268 1180 2309; x_wconf 86' lang='lat' dir='ltr'>sola</span> <span class='ocrx_word' id='word_1_258' title='bbox 1199 2267 1335 2309; x_wconf 85' lang='lat' dir='ltr'>divina</span> <span class='ocrx_word' id='word_1_259' title='bbox 1359 2267 1585 2316; x_wconf 86' lang='lat' dir='ltr'>contineat,</span> <span class='ocrx_word' id='word_1_260' title='bbox 1609 2281 1697 2309; x_wconf 90' lang='lat' dir='ltr'>non</span> <span class='ocrx_word' id='word_1_261' title='bbox 1726 2268 1730 2278; x_wconf 68' lang='lat'>⁴</span> 
     </span>
     <span class='ocr_line' id='line_1_31' title="bbox 341 2335 1728 2404; baseline -0.005 -20"><span class='ocrx_word' id='word_1_262' title='bbox 341 2350 390 2386; x_wconf 88' lang='lat' dir='ltr'>ut</span> <span class='ocrx_word' id='word_1_263' title='bbox 410 2338 651 2400; x_wconf 86' lang='lat' dir='ltr'>philosophi</span> <span class='ocrx_word' id='word_1_264' title='bbox 674 2339 903 2397; x_wconf 85' lang='lat' dir='ltr'>disputant,</span> <span class='ocrx_word' id='word_1_265' title='bbox 923 2337 1168 2379; x_wconf 86' lang='lat' dir='ltr'>validiorem</span> <span class='ocrx_word' id='word_1_266' title='bbox 1192 2344 1428 2378; x_wconf 86' lang='lat' dir='ltr'>atomorum</span> <span class='ocrx_word' id='word_1_267' title='bbox 1447 2335 1699 2394; x_wconf 87' lang='lat' dir='ltr'>complexio·</span> <span class='ocrx_word' id='word_1_268' title='bbox 1724 2387 1728 2404; x_wconf 34' lang='grc' dir='ltr'>ι</span> 
     </span>
    </p>
   </div>
   <div class='ocr_carea' id='block_1_3' title="bbox 339 2404 1728 2539">
    <p class='ocr_par' dir='ltr' id='par_1_4' title="bbox 339 2404 1728 2539">
     <span class='ocr_line' id='line_1_32' title="bbox 339 2404 1728 2467; baseline -0.005 -13"><span class='ocrx_word' id='word_1_269' title='bbox 339 2425 439 2455; x_wconf 85' lang='lat' dir='ltr'>nem</span> <span class='ocrx_word' id='word_1_270' title='bbox 461 2408 780 2467; x_wconf 63' lang='lat' dir='ltr'>perseverantiae</span> <span class='ocrx_word' id='word_1_271' title='bbox 807 2407 915 2465; x_wconf 81' lang='lat' dir='ltr'>jugis</span> <span class='ocrx_word' id='word_1_272' title='bbox 946 2415 1149 2464; x_wconf 82' lang='lat' dir='ltr'>praestare·</span> <span class='ocrx_word' id='word_1_273' title='bbox 1173 2420 1342 2449; x_wconf 87' lang='lat' dir='ltr'>eausam</span> <span class='ocrx_word' id='word_1_274' title='bbox 1366 2421 1375 2448; x_wconf 74' lang='grc' dir='ltr'><strong><em>ε</em></strong></span> <span class='ocrx_word' id='word_1_275' title='bbox 1402 2406 1475 2448; x_wconf 89' lang='lat' dir='ltr'>sed</span> <span class='ocrx_word' id='word_1_276' title='bbox 1494 2404 1699 2463; x_wconf 87' lang='lat' dir='ltr'>judicavit</span> <span class='ocrx_word' id='word_1_277' title='bbox 1723 2451 1728 2464; x_wconf 33' lang='grc' dir='ltr'><strong>ἒ</strong></span> 
     </span>
     <span class='ocr_line' id='line_1_33' title="bbox 341 2467 1727 2539; baseline -0.003 -16"><span class='ocrx_word' id='word_1_278' title='bbox 341 2481 456 2539; x_wconf 85' lang='lat' dir='ltr'>quod</span> <span class='ocrx_word' id='word_1_279' title='bbox 477 2481 603 2523; x_wconf 85' lang='lat' dir='ltr'>telam</span> <span class='ocrx_word' id='word_1_280' title='bbox 623 2494 784 2522; x_wconf 81' lang='lat' dir='ltr'>araneae</span> <span class='ocrx_word' id='word_1_281' title='bbox 810 2485 1024 2528; x_wconf 83' lang='lat' dir='ltr'>texerent,</span> <span class='ocrx_word' id='word_1_282' title='bbox 1047 2477 1119 2535; x_wconf 86' lang='lat' dir='ltr'>qui</span> <span class='ocrx_word' id='word_1_283' title='bbox 1143 2478 1202 2520; x_wconf 86' lang='lat' dir='ltr'>sie</span> <span class='ocrx_word' id='word_1_284' title='bbox 1222 2477 1383 2521; x_wconf 85' lang='lat' dir='ltr'>minuta</span> <span class='ocrx_word' id='word_1_285' title='bbox 1401 2484 1442 2520; x_wconf 89' lang='lat' dir='ltr'>et</span> <span class='ocrx_word' id='word_1_286' title='bbox 1463 2476 1702 2520; x_wconf 85' lang='lat' dir='ltr'>insubstan·</span> <span class='ocrx_word' id='word_1_287' title='bbox 1722 2467 1727 2524; x_wconf 73' lang='grc' dir='ltr'>,ἶ</span> 
     </span>
    </p>
   </div>
   <div class='ocr_carea' id='block_1_4' title="bbox 1709 1452 1747 3260">
    <p class='ocr_par' dir='ltr' id='par_1_5' title="bbox 1709 1452 1747 3260">
     <span class='ocr_line' id='line_1_34' title="bbox 1709 1452 1747 3260; baseline 0 0"><span class='ocrx_word' id='word_1_288' title='bbox 1709 1452 1747 3260; x_wconf 95' lang='lat' dir='ltr'>      </span> 
     </span>
    </p>
   </div>
   <div class='ocr_carea' id='block_1_5' title="bbox 382 2568 1072 2610">
    <p class='ocr_par' dir='ltr' id='par_1_6' title="bbox 382 2568 1072 2610">
     <span class='ocr_line' id='line_1_35' title="bbox 382 2568 1072 2610; baseline 0.003 -9"><span class='ocrx_word' id='word_1_289' title='bbox 382 2579 396 2601; x_wconf 73' lang='grc' dir='ltr'><strong><em>ι</em></strong></span> <span class='ocrx_word' id='word_1_290' title='bbox 417 2570 518 2604; x_wconf 88' lang='lat' dir='ltr'>Deut.</span> <span class='ocrx_word' id='word_1_291' title='bbox 537 2580 650 2610; x_wconf 80' lang='lat' dir='ltr'>xxxiv,</span> <span class='ocrx_word' id='word_1_292' title='bbox 673 2580 720 2604; x_wconf 85' lang='lat'>10.</span> <span class='ocrx_word' id='word_1_293' title='bbox 742 2588 782 2596; x_wconf 92' lang='lat'>—</span> <span class='ocrx_word' id='word_1_294' title='bbox 799 2577 813 2594; x_wconf 80' lang='lat'>⁸</span> <span class='ocrx_word' id='word_1_295' title='bbox 829 2568 931 2603; x_wconf 84' lang='lat' dir='ltr'>Exod.</span> <span class='ocrx_word' id='word_1_296' title='bbox 956 2579 1002 2609; x_wconf 74' lang='lat' dir='ltr'>iv,</span> <span class='ocrx_word' id='word_1_297' title='bbox 1023 2578 1072 2603; x_wconf 79' lang='lat'>12.</span> 
     </span>
    </p>
   </div>
  </div>
 </body>
</html>
