1742 3233
26 192 30 212 t

24 216 29 281 Ι
383 252 433 279 me
469 252 545 279 xor:
581 254 629 280 ET
669 254 784 282 anci.
824 254 942 284 unm».
976 256 1089 286 ἵκω.
1325 246 1407 300 493

57 343 152 371 rum
168 343 343 371 munere
364 344 456 371 esse
478 330 716 376 fraudatum
732 365 743 382 ‚
769 335 842 389 qui
863 348 990 377 omne
1016 335 1177 378 bonum
1206 344 1412 395 tempora—

55 397 164 441 libus
187 398 318 456 magis
339 414 466 457 quam
480 401 692 459 perpetuis
715 402 1010 447 aestimandum
1031 413 1195 463 putant.

54 555 599 572 mmffmmmmssmtmtm
606 552 660 569 Μ
669 559 1408 576 ΜΜΜΜΜΜΜΒἏᾺἏΜἏὮἏἿ

542 674 718 718 CAPUT
749 675 909 719 XXXI.

53 816 156 858 Sem
176 828 214 858 et
239 817 431 875 Japlwth
453 819 593 875 pietas
621 820 982 870 commendatur,-
1010 829 1049 861 et
1079 820 1188 874 quid
1215 820 1271 862 sit
1302 822 1415 876 quod

111 897 349 930 retrorsum
372 889 585 930 (licuntur
611 889 857 931 ambulasse
871 922 882 940 ,
903 890 1153 947 exponitur.
1174 891 1212 932 T
1215 907 1290 932 um
1308 907 1413 946 quo-

111 958 240 1000 modo
266 958 439 1001 sobrius
458 950 597 1016 factus
624 961 680 1002 sit
704 960 803 1002 Noe.
831 959 1032 1015 Denique
1050 976 1128 1002 cur
1149 959 1384 1018 Scriptura
1403 995 1414 1011 ,

112 1044 212 1070 cum
224 1030 352 1086 prius
377 1028 519 1071 Cham
537 1031 735 1072 medium
748 1031 980 1087 posuisset,
998 1044 1098 1071 eum
1124 1045 1244 1071 nune
1254 1032 1415 1086 junio-

112 1113 206 1140 rem
232 1100 534 1156 appellaverit.

112 1240 259 1283 CXVI.
289 1240 400 1292 Qum
413 1240 628 1297 estquod«
643 1240 742 1282 Sem
758 1248 800 1282 ct
811 1239 997 1299 Japheth
1015 1241 1307 1298 imposuerunt
1324 1255 1411 1283 ves-

0 1367 1 1370 *
54 1327 69 1348 »
84 1309 306 1353 timentum
323 1326 448 1367 super
467 1310 666 1351 humeros
684 1325 794 1359 suos,
816 1319 857 1364 et
872 1308 1148 1368 perrexerunt
1161 1319 1407 1362 retrorsum,

53 1388 124 1422 »et
146 1389 403 1438 operuerunt
425 1382 586 1422 nudum
607 1389 769 1437 patrem
788 1413 799 1429 ,
825 1389 867 1422 et
887 1396 973 1422 non
1003 1382 1199 1423 viderunt
1221 1382 1412 1423 nudatio·

53 1466 179 1492 »nem
203 1450 316 1508 ejus¹
335 1450 352 1491 Ξ)
369 1470 383 1489 »
407 1450 562 1492 Littera
592 1440 830 1492 evidentem
860 1450 1026 1507 pietatis
1055 1450 1258 1507 expressit
1284 1449 1413 1492 affec-

53 1527 166 1568 tum,
192 1521 306 1576 quod
335 1521 540 1561 nudatum
570 1520 727 1561 amictu
758 1528 922 1576 patrem
943 1519 1046 1561 boni
1078 1518 1153 1560 filii
1176 1519 1318 1561 videre
1341 1534 1413 1560 ca—

53 1598 218 1638 verunt,
239 1606 291 1631 ne
307 1598 480 1647 paterna
499 1590 729 1632 reverentia
748 1592 813 1631 vel
835 1590 923 1647 ipso
940 1590 1203 1631 minueretur
1223 1598 1407 1647 aspectu.
1466 1632 1471 1637 ,

54 1658 270 1715 Siquidem
295 1659 422 1700 etiam
444 1660 717 1701 tacitowultu
742 1659 872 1716 pietas
899 1658 1141 1715 frequenter
1164 1658 1404 1700 offenditur.

55 1729 173 1769 [nde
195 1729 320 1770 etiam
342 1730 486 1771 Romae
519 1737 635 1770 vetus
658 1729 784 1770 fuisse
815 1744 914 1770 usus
942 1727 1111 1775 dicitur,
1138 1742 1191 1768 ne
1217 1726 1291 1769 filii
1315 1743 1411 1769 cum

54 1798 297 1854 parentibus
314 1806 355 1840 et
374 1799 554 1839 maxime
571 1798 751 1855 puberes
775 1798 979 1838 intrarent
1001 1798 1228 1838 lavacrum.

115 1867 281 1910 CXVII.
319 1868 472 1910 Sensus
496 1877 635 1909 autem
665 1868 785 1909 altior
811 1867 892 1908 hoc
916 1867 1069 1914 habet,
1093 1866 1190 1922 quia
1216 1865 1412 1923 insipiens

54 1938 273 1995 praesentia
302 1940 594 1980 tantummodo
622 1938 735 1979 videt
767 1953 857 1993 quae
882 1937 924 1978 in
956 1936 1089 1978 oculis
1121 1944 1238 1984 sunt,
1268 1936 1412 1977 ¹futura

56 2023 141 2049 non
163 2008 351 2065 respicit,
370 2008 580 2065 praeterita
599 2023 683 2049 non
707 2007 873 2064 cogitat.
898 2006 1071 2063 Sapiens
1090 2014 1229 2046 autem
1248 2013 1290 2047 et
1310 2021 1413 2063 prae—

57 2078 176 2119 terita
199 2080 462 2126 recordatur,
488 2086 529 2119 et
550 2078 689 2119 futura
715 2076 964 2118 considerat.
994 2075 1142 2118 Omnis
1167 2089 1265 2132 ergo
1292 2091 1412 2117 mens

58 2148 221 2205 sapiens
254 2157 482 2189 retrorsum
522 2148 730 2195 ambulat,
760 2147 842 2188 hoc
869 2155 952 2195 est,
986 2146 1194 2203 praeterita
1226 2154 1410 2203 spectat3

47 2232 135 2262 vnec
154 2225 312 2259 naturae
340 2218 522 2274 quodam
551 2233 627 2258 usu
653 2217 905 2273 impeditur,
939 2215 1043 2257 nihil
1069 2230 1273 2263 vacuum,
1308 2215 1413 2256 nihil

58 2289 219 2328 nudum
245 2303 415 2328 suorum
443 2287 598 2344 patitur
622 2302 711 2328 esse
742 2294 968 2343 gestorum.
1010 2285 1157 2341 Operit
1176 2299 1271 2340 quae
1294 2284 1413 2325 aliter

59 2364 172 2413 gesta
195 2365 291 2398 sunt
314 2358 470 2398 amictu
497 2358 679 2413 quodam
701 2364 743 2397 et
764 2356 894 2413 gratia
921 2356 987 2397 vel
1007 2354 1224 2412 praesentis
1247 2355 1384 2411 operis
1400 2385 1410 2402 ‚

59 2428 125 2468 vel
140 2426 294 2475 futuri3
324 2435 371 2468 ut
388 2427 492 2469 nihil
513 2427 761 2469 indecorum
783 2433 1023 2483 praetercat,
1046 2424 1151 2466 nihil
1173 2424 1413 2465 inornatum

59 2496 280 2552 relinquat.
325 2498 444 2540 [nde
486 2505 528 2539 et
567 2496 791 2554 Apostolus
831 2494 1043 2553 superiora
1073 2492 1411 2542 obliviscebatur,

108 2596 117 2609 ¹
141 2586 224 2618 Gen.
246 2597 292 2623 ix,
313 2587 364 2621 25.
