1747 3260
321 248 381 306 96
873 259 900 286 ε.
943 258 1132 286 ΑΜΒΒοειι

325 340 441 398 ginta
470 338 567 380 viris
601 336 811 378 hchra'icae
840 335 1010 377 lectioni
1044 334 1180 376 addita
1211 340 1252 374 et
1283 331 1479 389 adjuncta
1511 344 1684 389 compe-

324 410 471 452 rimus.

383 479 501 522 XXI.
539 477 654 519 Vidit
679 491 777 533 ergo
798 475 910 517 Deus
933 475 1028 532 quia
1053 475 1216 516 bonum
1242 487 1371 514 mare.
1400 471 1486 513 Etsi
1506 469 1685 528 pulchra

324 548 378 591 sit
401 548 556 606 species
587 546 712 603 hujus
742 546 964 597 elementi,
993 546 1059 586 vel
1087 559 1184 586 cum
1219 542 1484 601 surgentibus
1512 541 1686 583 albescit

325 619 506 662 cumulis
524 633 571 659 ac
594 617 820 658 verticibus
843 617 1076 664 undarum,
1101 623 1143 656 et
1162 622 1303 656 cautes
1326 613 1443 654 nivea
1461 618 1685 652 rorantas-

324 689 514 746 pergine,
539 689 605 730 vel
623 702 720 728 cum
743 700 912 742 {equore
934 685 1158 742 crispanti,
1185 682 1528 725 clementioribus
1546 680 1655 722 auris
1669 713 1682 729 ,

325 769 369 801 et
397 760 552 800 blando
581 772 737 798 serenae
774 755 1085 811 tranquillitatis
1114 761 1488 812 purpurascentem
1519 749 1687 810 praesert

326 831 534 877 colorem,
563 827 634 884 qui
657 827 822 868 eminus
847 825 1132 882 spectantibus
1159 824 1399 880 frequenter
1424 821 1682 870 offunditur,

325 899 494 956 quando
525 913 609 938 non
637 895 828 945 violentis
859 895 1059 936 fluctibus
1086 894 1220 935 ticina
1252 893 1392 935 tundit
1417 892 1579 940 littora,
1612 892 1689 933 scd

332 970 448 1011 velut
473 966 658 1026 pacificis
684 966 813 1008 ambit
841 973 880 1007 et
911 967 1060 1006 salutat
1083 963 1366 1021 amplexibus,
1395 978 1520 1020 quam
1552 961 1686 1004 dulcis

325 1054 454 1082 sonus
472 1072 481 1087 ,
502 1053 628 1094 quam
651 1037 862 1093 jucundus
885 1035 1045 1093 fragor,
1070 1049 1193 1091 quam
1218 1042 1331 1091 grata
1355 1041 1397 1075 ct
1418 1047 1599 1074 consona
1617 1047 1687 1073 re-

326 1108 520 1155 sultati03
541 1122 616 1164 ego
641 1115 781 1148 tamen
798 1121 883 1147 non
905 1106 1036 1147 oculis
1065 1105 1316 1146 aestimatum
1340 1112 1541 1145 creaturae
1565 1104 1688 1144 deco-

322 1193 414 1221 rem
439 1178 641 1226 arbitror3
663 1179 735 1219 sed
757 1178 991 1218 secundum
1020 1176 1228 1217 rationem
1254 1173 1505 1232 operationis
1526 1172 1686 1230 judicio

325 1249 558 1307 operatoris
582 1247 829 1296 convenire,
849 1255 890 1289 et
914 1262 1145 1304 congruere
1164 1244 1394 1287 delinitum.

384 1318 525 1362 XXII.
563 1319 731 1360 Bonum
754 1318 878 1375 igitur
903 1333 1040 1366 mare,
1066 1317 1248 1375 primum
1276 1316 1371 1373 quia
1393 1323 1523 1357 terras
1546 1328 1690 1355 ncces-

324 1387 433 1431 sario
454 1387 639 1430 suffulcit.
655 1388 850 1436 humore,
870 1388 1023 1444 quibus
1049 1403 1125 1445 per
1149 1402 1274 1428 venas
1298 1387 1499 1443 quasdam
1521 1386 1688 1427 occulte

325 1473 502 1501 succum
535 1460 761 1514 quemdam
795 1458 908 1500 haud
948 1458 1140 1499 inutilem
1180 1456 1478 1499 subministrat.
1519 1457 1689 1498 Bonum

324 1543 458 1577 mare,
477 1536 678 1585 tanquam
695 1528 924 1585 hospitium
947 1527 1173 1569 fluviorum
1189 1560 1199 1576 ,
1227 1527 1317 1568 sons
1339 1525 1554 1574 imbrium,
1576 1525 1680 1568 deri-

322 1599 433 1641 vatio
449 1599 707 1640 alluvionum
720 1632 730 1647 ,
752 1598 931 1640 invectio
945 1605 1277 1646 commeatuum,
1293 1612 1374 1653 quo
1390 1596 1467 1637 sibi
1489 1595 1688 1638 distantes

323 1669 468 1726 populi
492 1670 744 1726 copulantur
762 1701 772 1717 ,
799 1684 881 1725 quo
913 1669 1151 1726 prseliorum
1181 1675 1449 1709 removentur
1470 1666 1685 1723 pericula,

325 1754 408 1796 quo
432 1738 678 1780 barbaricus
700 1738 817 1780 furor
843 1738 1055 1780 clauditur
1071 1771 1081 1786 ,
1109 1737 1342 1779 subsidium
1364 1737 1405 1778 in
1428 1736 1689 1779 necessitati-

324 1809 403 1852 bus
417 1841 428 1858 ,
453 1808 661 1866 refugium
678 1809 719 1850 in
742 1808 953 1866 periculis,
981 1809 1109 1866 gratia
1130 1808 1171 1849 in
1188 1808 1488 1865 voluptatibus,
1508 1806 1690 1849 salubri-

324 1886 387 1920 tas
413 1878 686 1927 valetudinis,
707 1886 996 1936 separatorum
1014 1877 1282 1935 conjunctio,
1300 1878 1459 1920 itineris
1485 1893 1690 1936 compen—

325 1949 465 1997 dium,
494 1948 771 2007 transsugium
797 1948 1080 1991 laborantium
1095 1981 1105 1997 ,
1138 1948 1373 1991 subsidium
1394 1949 1686 2007 vectigalium,

322 2017 549 2062 sterilitatis
564 2017 824 2060 alimentum.
843 2018 994 2061 Exhoc
1005 2019 1148 2077 pluvia
1161 2019 1202 2060 in
1217 2027 1345 2061 terras
1364 2019 1686 2070 transfunditur3

324 2087 533 2144 siquidem
550 2089 601 2129 de
618 2088 723 2129 mari
751 2104 857 2145 aqua
882 2089 1007 2131 radiis
1030 2089 1126 2131 solis
1153 2089 1368 2139 hauritur,
1393 2098 1435 2132 et
1455 2091 1569 2147 quod
1587 2091 1690 2132 sub-

322 2157 394 2200 tile
411 2157 502 2214 ejus
524 2165 602 2206 est,
622 2158 783 2215 rapitur
804 2174 813 2200 :
833 2159 987 2201 deinde
1010 2169 1166 2217 quanto
1192 2160 1312 2202 altius
1336 2162 1545 2209 elevatur,
1571 2168 1688 2203 tanto

323 2226 455 2284 magis
477 2227 603 2269 etiam
621 2228 801 2270 nubium
825 2230 1152 2272 obumbratione
1178 2230 1378 2288 frigescit,
1398 2239 1440 2273 et
1461 2231 1598 2273 imber
1612 2230 1686 2281 fit,

325 2296 398 2353 qui
422 2312 506 2338 non
538 2298 675 2340 solum
704 2306 916 2341 terrenam
944 2308 1152 2358 temperat
1181 2300 1437 2351 siccitatem,
1461 2303 1535 2344 sed
1561 2301 1689 2344 etiam

324 2365 470 2424 jejuna
494 2382 588 2410 arva
611 2367 837 2413 foecundat.

387 2434 547 2481 XXIII.
587 2437 701 2489 Quid
734 2454 982 2484 enumerem
1017 2442 1198 2493 insulas,
1230 2458 1332 2500 quas
1369 2444 1484 2485 velut
1515 2441 1689 2485 monilia
1733 2492 1735 2494 ,

325 2506 573 2564 plerumque
594 2510 786 2566 praetexit
806 2545 816 2560 ‚
848 2511 889 2553 in
919 2513 1072 2569 quibus
1101 2513 1127 2555 ii
1156 2513 1226 2570 qui
1257 2529 1299 2554 se
1324 2512 1521 2556 abdicant
1541 2512 1690 2555 intem·
1733 2503 1736 2539 ’ἕ

324 2578 524 2638 perantiae
554 2581 766 2625 saecularis
801 2581 1035 2635 illecebris,
1066 2584 1150 2627 fido
1181 2585 1447 2628 continentiae
1474 2582 1690 2643 proposito
1733 2585 1735 2615 ἵ
