1742 3233
345 266 396 293 nr:
430 263 509 293 Non
542 265 594 293 ET
627 263 748 293 anca.
784 263 903 291 mmm
936 259 1050 290 uNus.
1164 265 1166 268 ·
1292 246 1378 309 4319

29 346 261 402 meritoque
278 353 477 399 tanquam
494 343 672 385 materni
693 357 833 384 exsors
854 340 1135 396 immunisque
1157 346 1317 396 partUS,
1336 346 1379 379 ct

30 415 245 473 muliebris
262 415 437 470 copulae,
461 412 539 454 etsi
549 412 780 455 hebdomas
800 407 996 454 soemineo
1015 417 1285 466 nuncupetur
1304 423 1379 449 vo-

32 472 182 530 cabulo
198 518 209 534 ‚
245 479 374 526 virilis
408 483 538 525 hahet
573 482 914 525 sanctificationis
953 481 1163 539 gratiam':
1181 498 1197 519 α
1232 479 1380 523 Omnis

33 576 47 596 »
61 544 173 599 enim
193 556 403 598 masculus
427 554 669 611 adaperiens
692 556 855 596 vulvam
873 559 1040 593 sanctus
1057 551 1236 594 Domino
1256 564 1383 592 voca-

33 628 175 670 »bitur
191 626 220 668 ².
244 626 324 667 »Et
345 625 387 666 in
408 624 616 682 Propheta
639 625 767 667 habes
793 639 802 665 :
820 642 835 662 «
851 622 1024 671 Effudit,
1045 630 1086 663 et
1102 621 1264 679 peperit
1278 636 1385 662 mas-

34 697 207 753 »culum
237 694 274 750 ἕ,
304 694 376 736 »id
405 685 491 743 est,
519 702 730 736 sanctum.
767 693 985 743 Secundus
1013 700 1154 734 autem
1183 704 1385 733 numerus

35 781 119 808 non
139 773 200 806 est
221 765 368 821 plenus
382 795 393 811 ,
414 763 509 820 quia
528 763 692 805 divisus.
711 763 837 814 Quod
860 770 998 804 autem
1016 776 1101 803 non
1116 768 1180 802 est
1195 762 1385 817 plenum,

34 826 214 878 vacuum
244 834 433 876 habetur.
470 833 680 890 Septimus
705 841 844 874 autem
866 847 1068 874 numerus
1090 832 1266 889 plenus,
1291 828 1389 885 quia

37 897 282 960 hebdomas,
305 911 352 959 ut
369 904 513 951 dccas;
533 911 576 958 et
592 903 737 945 similis
755 902 864 955 illius
879 901 1004 958 primi
1032 897 1142 957 (28),
1167 899 1263 955 quia
1281 898 1389 940 facta

39 984 101 1031 est
118 976 170 1017 ad
183 974 498 1028 similitudinem
522 973 630 1025 illius
647 973 718 1028 qui
735 980 796 1014 est
814 985 993 1027 semper,
1013 985 1035 1012 a
1052 985 1135 1026 quo
1155 969 1388 1027 profluunt,

39 1053 80 1086 et
96 1051 319 1086 moventur
341 1057 433 1099 quae
453 1037 551 1084 sunt
568 1041 612 1083 in
634 1041 749 1082 omni
770 1055 923 1097 genere
945 1040 1132 1082 virtutes.
1160 1039 1260 1080 Haec
1274 1046 1392 1080 natu-

39 1113 151 1155 ralia.
301 1104 305 1106 -
571 1103 573 1106 V

97 1182 185 1242 XL.
223 1181 286 1224 De
307 1181 535 1237 moralibus
558 1189 700 1223 autem
716 1188 764 1222 ut
788 1180 993 1234 dicamus,
1022 1194 1108 1229 non
1128 1187 1191 1220 est
1218 1177 1395 1220 dubium

41 1254 155 1311 quod
177 1252 463 1301 irrationabile
485 1252 631 1294 animae
649 1259 800 1293 nostrae
817 1251 859 1293 in
880 1252 1065 1307 quinque
1081 1265 1224 1292 sensus
1241 1248 1396 1291 divida-

6 1358 9 1361 .
42 1333 125 1372 tur,
149 1331 191 1364 et
212 1338 376 1372 vocem,
400 1331 442 1364 et
463 1322 790 1379 generatorium,
807 1337 899 1377 quae
922 1329 1070 1362 natura
1092 1320 1287 1362 videntur
1306 1333 1398 1360 esse

41 1392 260 1440 soeminea3
283 1392 379 1449 quia
399 1408 543 1434 sensus
560 1392 691 1434 nostri
708 1392 749 1433 in
769 1391 998 1434 materialia
1016 1398 1058 1432 ct
1078 1388 1292 1431 saecularia
1313 1388 1397 1429 cito

43 1471 207 1520 repunt.
237 1463 356 1504 Unde
377 1464 507 1504 claret
523 1478 593 1504 eos
614 1462 814 1503 mollioris
837 1470 996 1503 naturae
1018 1461 1175 1502 habere
1200 1459 1400 1501 substan--

46 1532 157 1580 liam.
187 1533 269 1575 Sed
286 1532 450 1574 erudito
472 1541 514 1573 et
536 1532 741 1573 industrio
763 1532 851 1573 viro
868 1532 1026 1572 munda
1043 1530 1206 1577 omnia3
1227 1529 1323 1585 quia
1339 1544 1399 1570 sa-

46 1602 199 1658 pientia
217 1602 432 1644 exercitati
449 1602 580 1644 viriet
592 1602 721 1644 virtus
740 1600 1053 1642 firmamentum
1065 1601 1128 1642 his
1143 1600 1251 1642 virili
1272 1608 1404 1640 trans-

46 1667 182 1714 fundit
202 1672 374 1728 judicio.
402 1672 510 1728 Ergo
526 1672 746 1729 prudentis
763 1680 804 1713 et
821 1666 1036 1728 proposito
1060 1663 1332 1728 gubernantis
1353 1684 1404 1710 ex

48 1741 290 1785 infirmioris
314 1758 434 1784 sexus
459 1742 657 1797 qualitate
679 1742 721 1782 in
738 1741 953 1782 fortiorem
972 1740 1246 1782 substantiam
1268 1747 1407 1781 trans-

50 1812 254 1854 feruntur.
279 1812 424 1854 Valida
452 1813 564 1853 enim
591 1811 787 1868 sapientis
809 1819 851 1853 et
871 1810 951 1859 fixa
975 1811 1180 1853 sententia
1208 1816 1270 1852 est
1285 1827 1295 1858 3
1322 1825 1408 1851 non

50 1881 263 1923 mutabilis
276 1914 287 1929 ,
308 1889 355 1922 ut
376 1881 490 1937 stulti
507 1890 548 1923 et
565 1881 796 1938 insipientis
813 1881 884 1937 qui
901 1880 1072 1922 consilio
1090 1887 1210 1922 nutat
1226 1879 1404 1926 incerto,

52 1957 97 1991 ut
123 1949 302 2006 improbi
332 1950 402 2007 qui
425 1965 509 1991 non
533 1951 646 2005 und
675 1965 821 1991 verum
848 1957 890 1990 et
911 1949 1071 2005 justum
1096 1950 1148 1990 sit
1171 1948 1308 2006 eligit,
1335 1948 1408 1988 sed

53 2022 166 2076 quod
182 2020 258 2061 sibi
277 2022 547 2061 commodum
564 2020 677 2068 velit,
700 2019 851 2061 scindit
869 2036 890 2061 a
908 2035 1022 2068 vero,
1041 2019 1221 2061 secernit
1238 2033 1259 2059 a
1276 2018 1402 2074 justo.

52 2082 235 2131 «lustitia.
251 2090 362 2130 enim
397 2090 605 2146 singulare
627 2098 688 2131 est
712 2090 870 2130 bonum
887 2123 896 2137 ‚
932 2105 1007 2147 per
1030 2106 1072 2131 se
1096 2090 1183 2147 ipsa
1207 2104 1281 2130 suo
1306 2088 1410 2129 tanti

56 2168 267 2217 spectatur
290 2160 436 2216 pretio.
465 2159 665 2215 iniquitas
685 2175 784 2201 vero
806 2161 920 2202 velut
945 2160 1112 2201 dividua
1133 2159 1271 2216 parit,
1296 2172 1410 2199 nunc

57 2231 152 2272 odio
176 2230 325 2272 inssexa
339 2263 350 2278 ,
371 2245 484 2271 nunc
507 2239 684 2285 quaestu,
704 2238 746 2271 et
766 2246 812 2271 ea
837 2246 927 2286 quae
950 2239 1047 2272 sunt
1067 2229 1290 2272 dividenda
1308 2244 1411 2270 cou-

58 2300 205 2341 fundit.
234 2300 395 2341 Stultus
422 2300 533 2341 enim
562 2308 609 2341 ut
634 2301 734 2341 luna
756 2309 942 2342 mutatur
962 2332 972 2348 ,
997 2308 1038 2342 et
1067 2300 1319 2347 versicolor,
1345 2307 1415 2339 aut

60 2369 287 2410 humorum
302 2370 499 2412 varietate
524 2369 724 2410 difformis
744 2370 924 2411 animam
947 2386 1063 2411 suam
1086 2369 1128 2411 in
1146 2368 1299 2425 leprosi
1324 2382 1416 2408 cor-

60 2439 172 2496 poris
195 2438 377 2496 speciem
402 2439 512 2496 turpi
536 2440 784 2496 contagione
802 2442 1107 2488 commaculat,
1133 2439 1320 2482 salubres
1342 2452 1415 2479 co-

64 2509 285 2566 gitationes
308 2509 441 2551 noxiis
462 2525 569 2566 saepe
587 2509 856 2566 permiscens

109 2606 119 2621 ¹
137 2599 240 2632 Exod.
252 2609 367 2640 xxxiv,
388 2610 437 2643 ¹9·
457 2618 495 2627 —·
513 2611 524 2625 ²
545 2600 621 2634 Isal'.
639 2611 728 2639 mm,
745 2612 777 2643 7.
