<?xml version="1.0" encoding="UTF-8"?>
<!DOCTYPE html PUBLIC "-//W3C//DTD XHTML 1.0 Transitional//EN"
    "http://www.w3.org/TR/xhtml1/DTD/xhtml1-transitional.dtd">
<html xmlns="http://www.w3.org/1999/xhtml" xml:lang="en" lang="en">
 <head>
  <title>
</title>
<meta http-equiv="Content-Type" content="text/html;charset=utf-8" />
  <meta name='ocr-system' content='tesseract 3.04.00' />
  <meta name='ocr-capabilities' content='ocr_page ocr_carea ocr_par ocr_line ocrx_word'/>
</head>
<body>
  <div class='ocr_page' id='page_1' title='image "./omniaequaeextant01ambruoft_0566.png"; bbox 0 0 1742 3233; ppageno 0'>
   <div class='ocr_carea' id='block_1_1' title="bbox 328 281 1133 332">
    <p class='ocr_par' dir='ltr' id='par_1_1' title="bbox 328 281 1133 332">
     <span class='ocr_line' id='line_1_1' title="bbox 328 281 1133 332; baseline 0.004 -8"><span class='ocrx_word' id='word_1_1' title='bbox 328 281 410 332; x_wconf 76' lang='lat'>534</span> <span class='ocrx_word' id='word_1_2' title='bbox 870 298 901 325; x_wconf 87' lang='lat' dir='ltr'>s.</span> <span class='ocrx_word' id='word_1_3' title='bbox 942 298 1133 327; x_wconf 71' lang='lat' dir='ltr'>Amnnosn</span> 
     </span>
    </p>
   </div>
   <div class='ocr_carea' id='block_1_2' title="bbox 315 373 1725 2603">
    <p class='ocr_par' dir='ltr' id='par_1_2' title="bbox 330 373 1681 431">
     <span class='ocr_line' id='line_1_2' title="bbox 330 373 1681 431; baseline 0.006 -16"><span class='ocrx_word' id='word_1_4' title='bbox 330 373 442 416; x_wconf 81' lang='lat' dir='ltr'>dicio</span> <span class='ocrx_word' id='word_1_5' title='bbox 468 380 603 414; x_wconf 84' lang='lat' dir='ltr'>morte</span> <span class='ocrx_word' id='word_1_6' title='bbox 623 373 774 429; x_wconf 89' lang='lat' dir='ltr'>puniri.</span> <span class='ocrx_word' id='word_1_7' title='bbox 803 374 987 431; x_wconf 80' lang='lat' dir='ltr'>Ideoque</span> <span class='ocrx_word' id='word_1_8' title='bbox 1010 375 1171 418; x_wconf 81' lang='lat' dir='ltr'>addidit</span> <span class='ocrx_word' id='word_1_9' title='bbox 1195 391 1204 417; x_wconf 93' lang='lat'><strong>:</strong></span> <span class='ocrx_word' id='word_1_10' title='bbox 1236 394 1252 415; x_wconf 75' lang='grc' dir='ltr'><strong><em>α</em></strong></span> <span class='ocrx_word' id='word_1_11' title='bbox 1274 376 1372 418; x_wconf 83' lang='lat' dir='ltr'>Haee</span> <span class='ocrx_word' id='word_1_12' title='bbox 1396 385 1534 420; x_wconf 89' lang='lat' dir='ltr'>autem</span> <span class='ocrx_word' id='word_1_13' title='bbox 1560 394 1681 423; x_wconf 91' lang='lat' dir='ltr'>com-</span> 
     </span>
    </p>

    <p class='ocr_par' dir='ltr' id='par_1_3' title="bbox 326 433 1682 501">
     <span class='ocr_line' id='line_1_3' title="bbox 326 433 1682 501; baseline 0.005 -18"><span class='ocrx_word' id='word_1_14' title='bbox 326 451 547 485; x_wconf 67' lang='lat' dir='ltr'>,moratur</span> <span class='ocrx_word' id='word_1_15' title='bbox 571 458 669 484; x_wconf 90' lang='lat' dir='ltr'>cum</span> <span class='ocrx_word' id='word_1_16' title='bbox 691 443 818 486; x_wconf 76' lang='lat' dir='ltr'>viro¹.</span> <span class='ocrx_word' id='word_1_17' title='bbox 842 433 1006 486; x_wconf 69' lang='lat' dir='ltr'>»Habet</span> <span class='ocrx_word' id='word_1_18' title='bbox 1027 445 1198 501; x_wconf 88' lang='lat' dir='ltr'>quidem</span> <span class='ocrx_word' id='word_1_19' title='bbox 1220 446 1353 487; x_wconf 89' lang='lat' dir='ltr'>omnis</span> <span class='ocrx_word' id='word_1_20' title='bbox 1369 446 1460 495; x_wconf 84' lang='lat' dir='ltr'>viri,</span> <span class='ocrx_word' id='word_1_21' title='bbox 1474 448 1682 491; x_wconf 88' lang='lat' dir='ltr'>mulieris-</span> 
     </span>
    </p>

    <p class='ocr_par' dir='ltr' id='par_1_4' title="bbox 329 512 1678 571">
     <span class='ocr_line' id='line_1_4' title="bbox 329 512 1678 571; baseline 0.004 -18"><span class='ocrx_word' id='word_1_22' title='bbox 329 525 410 568; x_wconf 83' lang='lat' dir='ltr'>que</span> <span class='ocrx_word' id='word_1_23' title='bbox 430 512 679 554; x_wconf 74' lang='lat' dir='ltr'>concubitus</span> <span class='ocrx_word' id='word_1_24' title='bbox 696 513 807 554; x_wconf 88' lang='lat' dir='ltr'>nulla</span> <span class='ocrx_word' id='word_1_25' title='bbox 824 514 998 571; x_wconf 58' lang='lat' dir='ltr'>legidmi</span> <span class='ocrx_word' id='word_1_26' title='bbox 1020 515 1276 556; x_wconf 81' lang='lat' dir='ltr'>matrimonii</span> <span class='ocrx_word' id='word_1_27' title='bbox 1295 524 1405 558; x_wconf 86' lang='lat' dir='ltr'>sorte</span> <span class='ocrx_word' id='word_1_28' title='bbox 1423 517 1678 568; x_wconf 85' lang='lat' dir='ltr'>celebratus,</span> 
     </span>
    </p>

    <p class='ocr_par' dir='ltr' id='par_1_5' title="bbox 327 583 1682 643">
     <span class='ocr_line' id='line_1_5' title="bbox 327 583 1682 643; baseline 0.005 -21"><span class='ocrx_word' id='word_1_29' title='bbox 327 597 446 623; x_wconf 78' lang='lat' dir='ltr'>suam</span> <span class='ocrx_word' id='word_1_30' title='bbox 476 584 654 639; x_wconf 85' lang='lat' dir='ltr'>culpam.</span> <span class='ocrx_word' id='word_1_31' title='bbox 686 583 843 626; x_wconf 78' lang='lat' dir='ltr'>Discite</span> <span class='ocrx_word' id='word_1_32' title='bbox 876 584 987 626; x_wconf 80' lang='lat' dir='ltr'>enim</span> <span class='ocrx_word' id='word_1_33' title='bbox 1020 585 1089 641; x_wconf 88' lang='lat' dir='ltr'>qui</span> <span class='ocrx_word' id='word_1_34' title='bbox 1130 586 1182 626; x_wconf 90' lang='lat' dir='ltr'>ad</span> <span class='ocrx_word' id='word_1_35' title='bbox 1211 585 1386 642; x_wconf 75' lang='lat' dir='ltr'>gratiam</span> <span class='ocrx_word' id='word_1_36' title='bbox 1420 586 1682 643; x_wconf 84' lang='lat' dir='ltr'>baptismatis</span> 
     </span>
    </p>

    <p class='ocr_par' dir='ltr' id='par_1_6' title="bbox 328 653 1684 709">
     <span class='ocr_line' id='line_1_6' title="bbox 328 653 1684 709; baseline 0.002 -14"><span class='ocrx_word' id='word_1_37' title='bbox 328 653 519 700; x_wconf 68' lang='lat' dir='ltr'>tenditis,</span> <span class='ocrx_word' id='word_1_38' title='bbox 543 655 655 694; x_wconf 79' lang='lat' dir='ltr'>velut</span> <span class='ocrx_word' id='word_1_39' title='bbox 679 653 848 709; x_wconf 87' lang='lat' dir='ltr'>quidam</span> <span class='ocrx_word' id='word_1_40' title='bbox 872 653 971 696; x_wconf 83' lang='lat' dir='ltr'>fidei</span> <span class='ocrx_word' id='word_1_41' title='bbox 999 654 1212 696; x_wconf 85' lang='lat' dir='ltr'>candidati</span> <span class='ocrx_word' id='word_1_42' title='bbox 1232 687 1243 703; x_wconf 88' lang='lat'><strong><em>,</em></strong></span> <span class='ocrx_word' id='word_1_43' title='bbox 1270 655 1534 697; x_wconf 72' lang='lat' dir='ltr'>continentiae</span> <span class='ocrx_word' id='word_1_44' title='bbox 1558 655 1684 698; x_wconf 87' lang='lat' dir='ltr'>disci-</span> 
     </span>
    </p>

    <p class='ocr_par' dir='ltr' id='par_1_7' title="bbox 328 721 1678 782">
     <span class='ocr_line' id='line_1_7' title="bbox 328 721 1678 782; baseline 0.003 -19"><span class='ocrx_word' id='word_1_45' title='bbox 328 723 486 779; x_wconf 84' lang='lat' dir='ltr'>plinam</span> <span class='ocrx_word' id='word_1_46' title='bbox 500 721 693 762; x_wconf 82' lang='lat' dir='ltr'>sobriam.</span> <span class='ocrx_word' id='word_1_47' title='bbox 717 722 826 763; x_wconf 79' lang='lat' dir='ltr'>Nulli</span> <span class='ocrx_word' id='word_1_48' title='bbox 842 723 940 765; x_wconf 83' lang='lat' dir='ltr'>licet</span> <span class='ocrx_word' id='word_1_49' title='bbox 956 724 1062 765; x_wconf 88' lang='lat' dir='ltr'>scire</span> <span class='ocrx_word' id='word_1_50' title='bbox 1075 724 1312 772; x_wconf 80' lang='lat' dir='ltr'>mulierem,</span> <span class='ocrx_word' id='word_1_51' title='bbox 1329 733 1481 782; x_wconf 86' lang='lat' dir='ltr'>praeter</span> <span class='ocrx_word' id='word_1_52' title='bbox 1491 740 1678 768; x_wconf 86' lang='lat' dir='ltr'>uxorem.</span> 
     </span>
    </p>

    <p class='ocr_par' dir='ltr' id='par_1_8' title="bbox 329 791 1687 850">
     <span class='ocr_line' id='line_1_8' title="bbox 329 791 1687 850; baseline 0.001 -17"><span class='ocrx_word' id='word_1_53' title='bbox 329 791 513 847; x_wconf 79' lang='lat' dir='ltr'>Ideoque</span> <span class='ocrx_word' id='word_1_54' title='bbox 536 791 718 847; x_wconf 78' lang='lat' dir='ltr'>conjugii</span> <span class='ocrx_word' id='word_1_55' title='bbox 743 792 817 833; x_wconf 88' lang='lat' dir='ltr'>tibi</span> <span class='ocrx_word' id='word_1_56' title='bbox 839 794 984 834; x_wconf 88' lang='lat' dir='ltr'>datum</span> <span class='ocrx_word' id='word_1_57' title='bbox 1007 801 1068 835; x_wconf 87' lang='lat' dir='ltr'>est</span> <span class='ocrx_word' id='word_1_58' title='bbox 1091 794 1157 849; x_wconf 88' lang='lat' dir='ltr'>jus</span> <span class='ocrx_word' id='word_1_59' title='bbox 1173 826 1183 841; x_wconf 90' lang='lat'>‚</span> <span class='ocrx_word' id='word_1_60' title='bbox 1208 809 1258 835; x_wconf 89' lang='lat' dir='ltr'>ne</span> <span class='ocrx_word' id='word_1_61' title='bbox 1290 794 1331 834; x_wconf 88' lang='lat' dir='ltr'>in</span> <span class='ocrx_word' id='word_1_62' title='bbox 1357 795 1556 850; x_wconf 83' lang='lat' dir='ltr'>laqueum</span> <span class='ocrx_word' id='word_1_63' title='bbox 1579 794 1687 836; x_wconf 51' lang='lat' dir='ltr'>inci*</span> 
     </span>
    </p>

    <p class='ocr_par' dir='ltr' id='par_1_9' title="bbox 333 859 1685 919">
     <span class='ocr_line' id='line_1_9' title="bbox 333 859 1685 919; baseline 0.004 -19"><span class='ocrx_word' id='word_1_64' title='bbox 333 859 427 908; x_wconf 84' lang='lat' dir='ltr'>das,</span> <span class='ocrx_word' id='word_1_65' title='bbox 455 869 496 901; x_wconf 84' lang='lat' dir='ltr'>et</span> <span class='ocrx_word' id='word_1_66' title='bbox 530 876 627 901; x_wconf 84' lang='lat' dir='ltr'>cum</span> <span class='ocrx_word' id='word_1_67' title='bbox 650 861 781 902; x_wconf 83' lang='lat' dir='ltr'>aliena</span> <span class='ocrx_word' id='word_1_68' title='bbox 804 863 981 904; x_wconf 87' lang='lat' dir='ltr'>muliere</span> <span class='ocrx_word' id='word_1_69' title='bbox 1004 863 1233 919; x_wconf 81' lang='lat' dir='ltr'>delinquas.</span> <span class='ocrx_word' id='word_1_70' title='bbox 1270 863 1445 905; x_wconf 85' lang='lat' dir='ltr'>Vinctus</span> <span class='ocrx_word' id='word_1_71' title='bbox 1470 879 1513 905; x_wconf 86' lang='lat' dir='ltr'>es</span> <span class='ocrx_word' id='word_1_72' title='bbox 1542 864 1685 915; x_wconf 88' lang='lat' dir='ltr'>uxori,</span> 
     </span>
    </p>

    <p class='ocr_par' dir='ltr' id='par_1_10' title="bbox 332 931 1686 990">
     <span class='ocr_line' id='line_1_10' title="bbox 332 931 1686 990; baseline 0.004 -18"><span class='ocrx_word' id='word_1_73' title='bbox 332 931 419 973; x_wconf 84' lang='lat' dir='ltr'>noli</span> <span class='ocrx_word' id='word_1_74' title='bbox 431 946 617 986; x_wconf 87' lang='lat' dir='ltr'>quaerere</span> <span class='ocrx_word' id='word_1_75' title='bbox 635 933 884 974; x_wconf 85' lang='lat' dir='ltr'>solutionem</span> <span class='ocrx_word' id='word_1_76' title='bbox 898 950 909 981; x_wconf 82' lang='lat'><em>3</em></span> <span class='ocrx_word' id='word_1_77' title='bbox 931 934 1025 990; x_wconf 89' lang='lat' dir='ltr'>quia</span> <span class='ocrx_word' id='word_1_78' title='bbox 1039 934 1230 976; x_wconf 89' lang='lat' dir='ltr'>nonlicet</span> <span class='ocrx_word' id='word_1_79' title='bbox 1248 934 1322 976; x_wconf 84' lang='lat' dir='ltr'>tihi</span> <span class='ocrx_word' id='word_1_80' title='bbox 1336 967 1347 983; x_wconf 92' lang='lat'><strong><em>,</em></strong></span> <span class='ocrx_word' id='word_1_81' title='bbox 1366 950 1495 976; x_wconf 88' lang='lat' dir='ltr'>uxore</span> <span class='ocrx_word' id='word_1_82' title='bbox 1507 935 1686 985; x_wconf 68' lang='lat' dir='ltr'>vivente,</span> 
     </span>
    </p>

    <p class='ocr_par' dir='ltr' id='par_1_11' title="bbox 333 1000 1689 1059">
     <span class='ocr_line' id='line_1_11' title="bbox 333 1000 1689 1059; baseline 0.005 -19"><span class='ocrx_word' id='word_1_83' title='bbox 333 1015 509 1041; x_wconf 80' lang='lat' dir='ltr'>uxorem</span> <span class='ocrx_word' id='word_1_84' title='bbox 535 1000 701 1042; x_wconf 88' lang='lat' dir='ltr'>ducere.</span> <span class='ocrx_word' id='word_1_85' title='bbox 739 1001 844 1043; x_wconf 72' lang='lat' dir='ltr'>Nam</span> <span class='ocrx_word' id='word_1_86' title='bbox 866 1003 988 1044; x_wconf 84' lang='lat' dir='ltr'>aliam</span> <span class='ocrx_word' id='word_1_87' title='bbox 1011 1018 1221 1059; x_wconf 78' lang='lat' dir='ltr'>quaerere,</span> <span class='ocrx_word' id='word_1_88' title='bbox 1254 1019 1351 1045; x_wconf 90' lang='lat' dir='ltr'>cum</span> <span class='ocrx_word' id='word_1_89' title='bbox 1373 1005 1526 1046; x_wconf 83' lang='lat' dir='ltr'>habeas</span> <span class='ocrx_word' id='word_1_90' title='bbox 1548 1013 1663 1047; x_wconf 87' lang='lat' dir='ltr'>tuam</span> <span class='ocrx_word' id='word_1_91' title='bbox 1677 1037 1689 1054; x_wconf 93' lang='lat'><strong><em>,</em></strong></span> 
     </span>
    </p>

    <p class='ocr_par' dir='ltr' id='par_1_12' title="bbox 335 1070 1715 2234">
     <span class='ocr_line' id='line_1_12' title="bbox 335 1070 1693 1132; baseline 0.004 -21"><span class='ocrx_word' id='word_1_92' title='bbox 335 1070 496 1111; x_wconf 76' lang='lat' dir='ltr'>crimen</span> <span class='ocrx_word' id='word_1_93' title='bbox 517 1078 579 1112; x_wconf 88' lang='lat' dir='ltr'>est</span> <span class='ocrx_word' id='word_1_94' title='bbox 602 1071 815 1120; x_wconf 78' lang='lat' dir='ltr'>adulterii,</span> <span class='ocrx_word' id='word_1_95' title='bbox 836 1072 916 1113; x_wconf 86' lang='lat' dir='ltr'>hoc</span> <span class='ocrx_word' id='word_1_96' title='bbox 941 1073 1126 1130; x_wconf 78' lang='lat' dir='ltr'>gravius,</span> <span class='ocrx_word' id='word_1_97' title='bbox 1147 1075 1260 1130; x_wconf 91' lang='lat' dir='ltr'>quod</span> <span class='ocrx_word' id='word_1_98' title='bbox 1277 1083 1398 1130; x_wconf 87' lang='lat' dir='ltr'>putas</span> <span class='ocrx_word' id='word_1_99' title='bbox 1421 1083 1594 1132; x_wconf 84' lang='lat' dir='ltr'>peccato</span> <span class='ocrx_word' id='word_1_100' title='bbox 1619 1083 1693 1116; x_wconf 87' lang='lat' dir='ltr'>tuo</span> 
     </span>
     <span class='ocr_line' id='line_1_13' title="bbox 337 1141 1695 1199; baseline 0.002 -16"><span class='ocrx_word' id='word_1_101' title='bbox 337 1141 629 1183; x_wconf 82' lang='lat' dir='ltr'>auctoritatem</span> <span class='ocrx_word' id='word_1_102' title='bbox 672 1143 761 1198; x_wconf 77' lang='lat' dir='ltr'>lege</span> <span class='ocrx_word' id='word_1_103' title='bbox 791 1145 1071 1199; x_wconf 74' lang='lat' dir='ltr'>quaerendam.</span> <span class='ocrx_word' id='word_1_104' title='bbox 1109 1144 1382 1185; x_wconf 83' lang='lat' dir='ltr'>Tolerabilior</span> <span class='ocrx_word' id='word_1_105' title='bbox 1412 1152 1473 1186; x_wconf 88' lang='lat' dir='ltr'>est</span> <span class='ocrx_word' id='word_1_106' title='bbox 1506 1145 1539 1186; x_wconf 90' lang='lat' dir='ltr'>si</span> <span class='ocrx_word' id='word_1_107' title='bbox 1570 1146 1695 1186; x_wconf 85' lang='lat' dir='ltr'>lateat</span> 
     </span>
     <span class='ocr_line' id='line_1_14' title="bbox 338 1212 1695 1270; baseline 0.003 -18"><span class='ocrx_word' id='word_1_108' title='bbox 338 1212 460 1266; x_wconf 78' lang='lat' dir='ltr'>culpa</span> <span class='ocrx_word' id='word_1_109' title='bbox 476 1242 485 1257; x_wconf 83' lang='lat'><em>‚</em></span> <span class='ocrx_word' id='word_1_110' title='bbox 505 1225 631 1265; x_wconf 89' lang='lat' dir='ltr'>quam</span> <span class='ocrx_word' id='word_1_111' title='bbox 648 1212 680 1251; x_wconf 88' lang='lat' dir='ltr'>si</span> <span class='ocrx_word' id='word_1_112' title='bbox 699 1214 831 1268; x_wconf 80' lang='lat' dir='ltr'>culpae</span> <span class='ocrx_word' id='word_1_113' title='bbox 852 1222 1076 1270; x_wconf 77' lang='lat' dir='ltr'>usurpetur</span> <span class='ocrx_word' id='word_1_114' title='bbox 1095 1214 1331 1256; x_wconf 82' lang='lat' dir='ltr'>auctoritas.</span> <span class='ocrx_word' id='word_1_115' title='bbox 1355 1214 1440 1256; x_wconf 91' lang='lat' dir='ltr'>Nec</span> <span class='ocrx_word' id='word_1_116' title='bbox 1459 1215 1541 1256; x_wconf 91' lang='lat' dir='ltr'>hoc</span> <span class='ocrx_word' id='word_1_117' title='bbox 1558 1216 1695 1256; x_wconf 84' lang='lat' dir='ltr'>solum</span> 
     </span>
     <span class='ocr_line' id='line_1_15' title="bbox 338 1280 1696 1341; baseline 0.002 -19"><span class='ocrx_word' id='word_1_118' title='bbox 338 1288 400 1322; x_wconf 79' lang='lat' dir='ltr'>est</span> <span class='ocrx_word' id='word_1_119' title='bbox 429 1280 703 1329; x_wconf 80' lang='lat' dir='ltr'>adulterium,</span> <span class='ocrx_word' id='word_1_120' title='bbox 737 1296 834 1323; x_wconf 87' lang='lat' dir='ltr'>cum</span> <span class='ocrx_word' id='word_1_121' title='bbox 862 1283 994 1324; x_wconf 86' lang='lat' dir='ltr'>aliena</span> <span class='ocrx_word' id='word_1_122' title='bbox 1026 1284 1412 1341; x_wconf 31' lang='lat' dir='ltr'>peccaresconjuge</span> <span class='ocrx_word' id='word_1_123' title='bbox 1431 1316 1442 1333; x_wconf 86' lang='lat'><em>,</em></span> <span class='ocrx_word' id='word_1_124' title='bbox 1473 1285 1546 1325; x_wconf 91' lang='lat' dir='ltr'>sed</span> <span class='ocrx_word' id='word_1_125' title='bbox 1570 1299 1696 1326; x_wconf 86' lang='lat' dir='ltr'>omne</span> 
     </span>
     <span class='ocr_line' id='line_1_16' title="bbox 339 1350 1698 1410; baseline 0.004 -20"><span class='ocrx_word' id='word_1_126' title='bbox 339 1350 452 1407; x_wconf 87' lang='lat' dir='ltr'>quod</span> <span class='ocrx_word' id='word_1_127' title='bbox 484 1366 567 1391; x_wconf 90' lang='lat' dir='ltr'>non</span> <span class='ocrx_word' id='word_1_128' title='bbox 597 1351 722 1392; x_wconf 80' lang='lat' dir='ltr'>habet</span> <span class='ocrx_word' id='word_1_129' title='bbox 762 1361 1010 1408; x_wconf 83' lang='lat' dir='ltr'>potestatem</span> <span class='ocrx_word' id='word_1_130' title='bbox 1049 1352 1235 1410; x_wconf 74' lang='lat' dir='ltr'>conjugii</span> <span class='ocrx_word' id='word_1_131' title='bbox 1261 1369 1268 1394; x_wconf 93' lang='lat'><strong>:</strong></span> <span class='ocrx_word' id='word_1_132' title='bbox 1296 1362 1436 1395; x_wconf 87' lang='lat' dir='ltr'>tamen</span> <span class='ocrx_word' id='word_1_133' title='bbox 1468 1354 1588 1394; x_wconf 87' lang='lat' dir='ltr'>locus</span> <span class='ocrx_word' id='word_1_134' title='bbox 1619 1353 1698 1395; x_wconf 84' lang='lat' dir='ltr'>iste</span> 
     </span>
     <span class='ocr_line' id='line_1_17' title="bbox 341 1420 1698 1480; baseline 0.003 -20"><span class='ocrx_word' id='word_1_135' title='bbox 341 1420 463 1461; x_wconf 81' lang='lat' dir='ltr'>docet</span> <span class='ocrx_word' id='word_1_136' title='bbox 494 1420 655 1476; x_wconf 75' lang='lat' dir='ltr'>gravius</span> <span class='ocrx_word' id='word_1_137' title='bbox 690 1421 848 1462; x_wconf 70' lang='lat' dir='ltr'>crinien</span> <span class='ocrx_word' id='word_1_138' title='bbox 885 1423 998 1470; x_wconf 54' lang='lat' dir='ltr'>esse,⁴</span> <span class='ocrx_word' id='word_1_139' title='bbox 1037 1423 1108 1464; x_wconf 77' lang='lat' dir='ltr'>ulii</span> <span class='ocrx_word' id='word_1_140' title='bbox 1140 1422 1340 1464; x_wconf 79' lang='lat' dir='ltr'>celebrati</span> <span class='ocrx_word' id='word_1_141' title='bbox 1382 1423 1566 1480; x_wconf 78' lang='lat' dir='ltr'>conjugii</span> <span class='ocrx_word' id='word_1_142' title='bbox 1603 1423 1698 1480; x_wconf 82' lang='lat' dir='ltr'>jura</span> 
     </span>
     <span class='ocr_line' id='line_1_18' title="bbox 340 1492 1692 1550; baseline 0.001 -18"><span class='ocrx_word' id='word_1_143' title='bbox 340 1498 614 1537; x_wconf 68' lang='lat' dir='ltr'>temerantur,</span> <span class='ocrx_word' id='word_1_144' title='bbox 640 1499 680 1532; x_wconf 87' lang='lat' dir='ltr'>et</span> <span class='ocrx_word' id='word_1_145' title='bbox 704 1492 872 1532; x_wconf 84' lang='lat' dir='ltr'>uxorius</span> <span class='ocrx_word' id='word_1_146' title='bbox 890 1494 1025 1549; x_wconf 88' lang='lat' dir='ltr'>pudor</span> <span class='ocrx_word' id='word_1_147' title='bbox 1047 1492 1231 1534; x_wconf 84' lang='lat' dir='ltr'>solvitur.</span> <span class='ocrx_word' id='word_1_148' title='bbox 1274 1493 1457 1549; x_wconf 86' lang='lat' dir='ltr'>Ideoque</span> <span class='ocrx_word' id='word_1_149' title='bbox 1480 1508 1577 1534; x_wconf 89' lang='lat' dir='ltr'>cum</span> <span class='ocrx_word' id='word_1_150' title='bbox 1593 1508 1692 1550; x_wconf 72' lang='lat' dir='ltr'>prae—</span> 
     </span>
     <span class='ocr_line' id='line_1_19' title="bbox 342 1560 1705 1620; baseline 0.001 -18"><span class='ocrx_word' id='word_1_151' title='bbox 342 1561 532 1602; x_wconf 71' lang='lat' dir='ltr'>tenderet</span> <span class='ocrx_word' id='word_1_152' title='bbox 559 1560 805 1603; x_wconf 83' lang='lat' dir='ltr'>Abimelech</span> <span class='ocrx_word' id='word_1_153' title='bbox 832 1563 944 1618; x_wconf 89' lang='lat' dir='ltr'>quod</span> <span class='ocrx_word' id='word_1_154' title='bbox 966 1579 1142 1604; x_wconf 85' lang='lat' dir='ltr'>uxorem</span> <span class='ocrx_word' id='word_1_155' title='bbox 1169 1563 1346 1604; x_wconf 85' lang='lat' dir='ltr'>alienam</span> <span class='ocrx_word' id='word_1_156' title='bbox 1371 1579 1459 1605; x_wconf 88' lang='lat' dir='ltr'>esse</span> <span class='ocrx_word' id='word_1_157' title='bbox 1482 1563 1705 1620; x_wconf 79' lang='lat' dir='ltr'>ignorave-</span> 
     </span>
     <span class='ocr_line' id='line_1_20' title="bbox 341 1629 1706 1689; baseline 0.003 -19"><span class='ocrx_word' id='word_1_158' title='bbox 341 1629 418 1677; x_wconf 81' lang='lat' dir='ltr'>rit,</span> <span class='ocrx_word' id='word_1_159' title='bbox 439 1645 565 1685; x_wconf 84' lang='lat' dir='ltr'>quam</span> <span class='ocrx_word' id='word_1_160' title='bbox 588 1646 773 1672; x_wconf 83' lang='lat' dir='ltr'>sororem</span> <span class='ocrx_word' id='word_1_161' title='bbox 798 1648 885 1673; x_wconf 86' lang='lat' dir='ltr'>csse</span> <span class='ocrx_word' id='word_1_162' title='bbox 907 1633 968 1674; x_wconf 88' lang='lat' dir='ltr'>vir</span> <span class='ocrx_word' id='word_1_163' title='bbox 989 1633 1076 1689; x_wconf 85' lang='lat' dir='ltr'>ipse</span> <span class='ocrx_word' id='word_1_164' title='bbox 1094 1648 1210 1674; x_wconf 87' lang='lat' dir='ltr'>suam</span> <span class='ocrx_word' id='word_1_165' title='bbox 1235 1632 1411 1682; x_wconf 83' lang='lat' dir='ltr'>dixerit,</span> <span class='ocrx_word' id='word_1_166' title='bbox 1433 1631 1649 1689; x_wconf 82' lang='lat' dir='ltr'>respondit</span> <span class='ocrx_word' id='word_1_167' title='bbox 1666 1631 1706 1674; x_wconf 75' lang='lat' dir='ltr'>ei</span> 
     </span>
     <span class='ocr_line' id='line_1_21' title="bbox 341 1699 1706 1760; baseline 0.002 -19"><span class='ocrx_word' id='word_1_168' title='bbox 341 1699 547 1742; x_wconf 79' lang='lat' dir='ltr'>Dominus</span> <span class='ocrx_word' id='word_1_169' title='bbox 574 1715 582 1740; x_wconf 89' lang='lat'>:</span> <span class='ocrx_word' id='word_1_170' title='bbox 620 1719 635 1738; x_wconf 93' lang='lat'>«</span> <span class='ocrx_word' id='word_1_171' title='bbox 662 1702 714 1743; x_wconf 80' lang='lat' dir='ltr'>Et</span> <span class='ocrx_word' id='word_1_172' title='bbox 738 1717 814 1759; x_wconf 79' lang='lat' dir='ltr'>ego</span> <span class='ocrx_word' id='word_1_173' title='bbox 844 1703 1017 1760; x_wconf 75' lang='lat' dir='ltr'>cognovi</span> <span class='ocrx_word' id='word_1_174' title='bbox 1051 1703 1249 1759; x_wconf 86' lang='lat' dir='ltr'>quoniam</span> <span class='ocrx_word' id='word_1_175' title='bbox 1282 1718 1388 1760; x_wconf 88' lang='lat' dir='ltr'>puro</span> <span class='ocrx_word' id='word_1_176' title='bbox 1417 1704 1544 1744; x_wconf 91' lang='lat' dir='ltr'>corde</span> <span class='ocrx_word' id='word_1_177' title='bbox 1569 1701 1706 1744; x_wconf 80' lang='lat' dir='ltr'>fecisti</span> 
     </span>
     <span class='ocr_line' id='line_1_22' title="bbox 345 1769 1708 1829; baseline 0.004 -22"><span class='ocrx_word' id='word_1_178' title='bbox 345 1769 454 1811; x_wconf 71' lang='lat' dir='ltr'>»hoc</span> <span class='ocrx_word' id='word_1_179' title='bbox 469 1802 479 1817; x_wconf 88' lang='lat'><strong><em>,</em></strong></span> <span class='ocrx_word' id='word_1_180' title='bbox 503 1778 544 1810; x_wconf 91' lang='lat' dir='ltr'>et</span> <span class='ocrx_word' id='word_1_181' title='bbox 561 1771 729 1827; x_wconf 84' lang='lat' dir='ltr'>peperci</span> <span class='ocrx_word' id='word_1_182' title='bbox 748 1771 843 1819; x_wconf 86' lang='lat' dir='ltr'>tibi,</span> <span class='ocrx_word' id='word_1_183' title='bbox 870 1779 915 1813; x_wconf 88' lang='lat' dir='ltr'>ut</span> <span class='ocrx_word' id='word_1_184' title='bbox 933 1787 1016 1813; x_wconf 85' lang='lat' dir='ltr'>non</span> <span class='ocrx_word' id='word_1_185' title='bbox 1039 1788 1234 1828; x_wconf 78' lang='lat' dir='ltr'>peccares</span> <span class='ocrx_word' id='word_1_186' title='bbox 1259 1773 1298 1813; x_wconf 91' lang='lat' dir='ltr'>in</span> <span class='ocrx_word' id='word_1_187' title='bbox 1315 1788 1383 1814; x_wconf 89' lang='lat' dir='ltr'>me</span> <span class='ocrx_word' id='word_1_188' title='bbox 1405 1788 1413 1813; x_wconf 94' lang='lat'><strong>:</strong></span> <span class='ocrx_word' id='word_1_189' title='bbox 1434 1780 1608 1829; x_wconf 85' lang='lat' dir='ltr'>propter</span> <span class='ocrx_word' id='word_1_190' title='bbox 1625 1771 1708 1813; x_wconf 88' lang='lat' dir='ltr'>hoc</span> 
     </span>
     <span class='ocr_line' id='line_1_23' title="bbox 347 1842 1710 1901; baseline 0.001 -20"><span class='ocrx_word' id='word_1_191' title='bbox 347 1859 363 1880; x_wconf 69' lang='grc' dir='ltr'>ιι</span> <span class='ocrx_word' id='word_1_192' title='bbox 377 1856 461 1882; x_wconf 90' lang='lat' dir='ltr'>non</span> <span class='ocrx_word' id='word_1_193' title='bbox 482 1856 575 1882; x_wconf 87' lang='lat' dir='ltr'>sum</span> <span class='ocrx_word' id='word_1_194' title='bbox 601 1857 744 1898; x_wconf 81' lang='lat' dir='ltr'>passus</span> <span class='ocrx_word' id='word_1_195' title='bbox 775 1850 815 1883; x_wconf 87' lang='lat' dir='ltr'>te</span> <span class='ocrx_word' id='word_1_196' title='bbox 838 1850 1009 1901; x_wconf 78' lang='lat' dir='ltr'>tangere</span> <span class='ocrx_word' id='word_1_197' title='bbox 1032 1843 1144 1884; x_wconf 84' lang='lat' dir='ltr'>illam</span> <span class='ocrx_word' id='word_1_198' title='bbox 1158 1842 1170 1862; x_wconf 80' lang='lat'><strong>²</strong></span> <span class='ocrx_word' id='word_1_199' title='bbox 1185 1875 1193 1884; x_wconf 89' lang='lat'><strong>.</strong></span> <span class='ocrx_word' id='word_1_200' title='bbox 1216 1862 1231 1882; x_wconf 91' lang='lat'>»</span> <span class='ocrx_word' id='word_1_201' title='bbox 1269 1842 1571 1900; x_wconf 83' lang='lat' dir='ltr'>Cognoscimus</span> <span class='ocrx_word' id='word_1_202' title='bbox 1593 1843 1710 1884; x_wconf 82' lang='lat' dir='ltr'>velut</span> 
     </span>
     <span class='ocr_line' id='line_1_24' title="bbox 351 1912 1713 1971; baseline 0.002 -20"><span class='ocrx_word' id='word_1_203' title='bbox 351 1912 571 1968; x_wconf 78' lang='lat' dir='ltr'>praesulcm</span> <span class='ocrx_word' id='word_1_204' title='bbox 598 1913 900 1968; x_wconf 70' lang='lat' dir='ltr'>custodemque</span> <span class='ocrx_word' id='word_1_205' title='bbox 933 1913 1117 1971; x_wconf 80' lang='lat' dir='ltr'>conjugii</span> <span class='ocrx_word' id='word_1_206' title='bbox 1142 1928 1229 1954; x_wconf 85' lang='lat' dir='ltr'>esse</span> <span class='ocrx_word' id='word_1_207' title='bbox 1251 1913 1414 1962; x_wconf 91' lang='lat' dir='ltr'>Deum,</span> <span class='ocrx_word' id='word_1_208' title='bbox 1442 1913 1510 1970; x_wconf 83' lang='lat' dir='ltr'>qui</span> <span class='ocrx_word' id='word_1_209' title='bbox 1534 1928 1617 1954; x_wconf 90' lang='lat' dir='ltr'>non</span> <span class='ocrx_word' id='word_1_210' title='bbox 1644 1928 1713 1970; x_wconf 91' lang='lat' dir='ltr'>pa-</span> 
     </span>
     <span class='ocr_line' id='line_1_25' title="bbox 351 1981 1714 2041; baseline 0.001 -18"><span class='ocrx_word' id='word_1_211' title='bbox 351 1981 478 2023; x_wconf 74' lang='lat' dir='ltr'>tiatur</span> <span class='ocrx_word' id='word_1_212' title='bbox 526 1981 709 2022; x_wconf 87' lang='lat' dir='ltr'>alienum</span> <span class='ocrx_word' id='word_1_213' title='bbox 746 1990 884 2023; x_wconf 83' lang='lat' dir='ltr'>torum</span> <span class='ocrx_word' id='word_1_214' title='bbox 915 1983 1043 2041; x_wconf 82' lang='lat' dir='ltr'>pollui</span> <span class='ocrx_word' id='word_1_215' title='bbox 1071 1997 1080 2023; x_wconf 90' lang='lat'>:</span> <span class='ocrx_word' id='word_1_216' title='bbox 1105 1991 1146 2024; x_wconf 85' lang='lat' dir='ltr'>ct</span> <span class='ocrx_word' id='word_1_217' title='bbox 1179 1983 1209 2024; x_wconf 91' lang='lat' dir='ltr'>si</span> <span class='ocrx_word' id='word_1_218' title='bbox 1239 1982 1308 2039; x_wconf 88' lang='lat' dir='ltr'>qui</span> <span class='ocrx_word' id='word_1_219' title='bbox 1342 1982 1510 2031; x_wconf 82' lang='lat' dir='ltr'>fecerit,</span> <span class='ocrx_word' id='word_1_220' title='bbox 1538 1997 1714 2041; x_wconf 83' lang='lat' dir='ltr'>peccare</span> 
     </span>
     <span class='ocr_line' id='line_1_26' title="bbox 352 2051 1713 2111; baseline 0 -18"><span class='ocrx_word' id='word_1_221' title='bbox 352 2066 447 2093; x_wconf 87' lang='lat' dir='ltr'>eum</span> <span class='ocrx_word' id='word_1_222' title='bbox 467 2051 508 2092; x_wconf 89' lang='lat' dir='ltr'>in</span> <span class='ocrx_word' id='word_1_223' title='bbox 525 2052 661 2093; x_wconf 87' lang='lat' dir='ltr'>Deum</span> <span class='ocrx_word' id='word_1_224' title='bbox 676 2084 686 2100; x_wconf 92' lang='lat'>,</span> <span class='ocrx_word' id='word_1_225' title='bbox 708 2051 828 2108; x_wconf 87' lang='lat' dir='ltr'>cujus</span> <span class='ocrx_word' id='word_1_226' title='bbox 852 2054 987 2111; x_wconf 81' lang='lat' dir='ltr'>legem</span> <span class='ocrx_word' id='word_1_227' title='bbox 1009 2053 1134 2094; x_wconf 55' lang='lat' dir='ltr'>violet</span> <span class='ocrx_word' id='word_1_228' title='bbox 1151 2087 1161 2101; x_wconf 90' lang='lat'><em>‚</em></span> <span class='ocrx_word' id='word_1_229' title='bbox 1181 2052 1355 2110; x_wconf 77' lang='lat' dir='ltr'>gratiam</span> <span class='ocrx_word' id='word_1_230' title='bbox 1378 2053 1522 2095; x_wconf 79' lang='lat' dir='ltr'>solvat.</span> <span class='ocrx_word' id='word_1_231' title='bbox 1550 2052 1602 2093; x_wconf 89' lang='lat' dir='ltr'>Et</span> <span class='ocrx_word' id='word_1_232' title='bbox 1619 2051 1713 2093; x_wconf 89' lang='lat' dir='ltr'>ideo</span> 
     </span>
     <span class='ocr_line' id='line_1_27' title="bbox 351 2122 1715 2180; baseline 0.001 -18"><span class='ocrx_word' id='word_1_233' title='bbox 351 2122 446 2179; x_wconf 84' lang='lat' dir='ltr'>quia</span> <span class='ocrx_word' id='word_1_234' title='bbox 479 2122 521 2163; x_wconf 91' lang='lat' dir='ltr'>in</span> <span class='ocrx_word' id='word_1_235' title='bbox 552 2123 688 2164; x_wconf 89' lang='lat' dir='ltr'>Deum</span> <span class='ocrx_word' id='word_1_236' title='bbox 727 2132 898 2180; x_wconf 89' lang='lat' dir='ltr'>peccat,</span> <span class='ocrx_word' id='word_1_237' title='bbox 930 2124 1178 2167; x_wconf 85' lang='lat' dir='ltr'>sacramenti</span> <span class='ocrx_word' id='word_1_238' title='bbox 1214 2123 1394 2166; x_wconf 84' lang='lat' dir='ltr'>coelestis</span> <span class='ocrx_word' id='word_1_239' title='bbox 1430 2122 1584 2165; x_wconf 82' lang='lat' dir='ltr'>amittit</span> <span class='ocrx_word' id='word_1_240' title='bbox 1613 2136 1715 2164; x_wconf 91' lang='lat' dir='ltr'>con-</span> 
     </span>
     <span class='ocr_line' id='line_1_28' title="bbox 352 2192 540 2234; baseline 0 0"><span class='ocrx_word' id='word_1_241' title='bbox 352 2192 540 2234; x_wconf 79' lang='lat' dir='ltr'>sortium.</span> 
     </span>
    </p>

    <p class='ocr_par' dir='ltr' id='par_1_13' title="bbox 351 2259 1725 2530">
     <span class='ocr_line' id='line_1_29' title="bbox 410 2259 1718 2322; baseline -0.002 -16"><span class='ocrx_word' id='word_1_242' title='bbox 410 2263 500 2306; x_wconf 83' lang='lat' dir='ltr'>LX.</span> <span class='ocrx_word' id='word_1_243' title='bbox 537 2259 731 2306; x_wconf 75' lang='lat' dir='ltr'>Fortasse</span> <span class='ocrx_word' id='word_1_244' title='bbox 751 2273 792 2307; x_wconf 91' lang='lat' dir='ltr'>te</span> <span class='ocrx_word' id='word_1_245' title='bbox 815 2274 981 2308; x_wconf 86' lang='lat' dir='ltr'>moveat</span> <span class='ocrx_word' id='word_1_246' title='bbox 1003 2281 1083 2322; x_wconf 93' lang='lat' dir='ltr'>qua</span> <span class='ocrx_word' id='word_1_247' title='bbox 1101 2265 1261 2308; x_wconf 84' lang='lat' dir='ltr'>ratione</span> <span class='ocrx_word' id='word_1_248' title='bbox 1282 2265 1444 2308; x_wconf 86' lang='lat' dir='ltr'>Pharao</span> <span class='ocrx_word' id='word_1_249' title='bbox 1468 2262 1718 2321; x_wconf 68' lang='lat' dir='ltr'>quaestioni-</span> 
     </span>
     <span class='ocr_line' id='line_1_30' title="bbox 351 2332 1714 2394; baseline -0.001 -19"><span class='ocrx_word' id='word_1_250' title='bbox 351 2332 589 2390; x_wconf 77' lang='lat' dir='ltr'>bus(41)ab</span> <span class='ocrx_word' id='word_1_251' title='bbox 613 2335 899 2392; x_wconf 88' lang='lat' dir='ltr'>omnipotente</span> <span class='ocrx_word' id='word_1_252' title='bbox 916 2336 1003 2379; x_wconf 90' lang='lat' dir='ltr'>Deo</span> <span class='ocrx_word' id='word_1_253' title='bbox 1020 2336 1199 2394; x_wconf 83' lang='lat' dir='ltr'>graviter</span> <span class='ocrx_word' id='word_1_254' title='bbox 1221 2336 1398 2378; x_wconf 82' lang='lat' dir='ltr'>afflictus</span> <span class='ocrx_word' id='word_1_255' title='bbox 1415 2335 1492 2385; x_wconf 86' lang='lat' dir='ltr'>sit,</span> <span class='ocrx_word' id='word_1_256' title='bbox 1517 2342 1564 2377; x_wconf 88' lang='lat' dir='ltr'>ut</span> <span class='ocrx_word' id='word_1_257' title='bbox 1588 2347 1714 2391; x_wconf 86' lang='lat' dir='ltr'>supra</span> 
     </span>
     <span class='ocr_line' id='line_1_31' title="bbox 351 2402 1725 2464; baseline -0.001 -19"><span class='ocrx_word' id='word_1_258' title='bbox 351 2402 553 2459; x_wconf 82' lang='lat' dir='ltr'>legimus,</span> <span class='ocrx_word' id='word_1_259' title='bbox 588 2419 685 2446; x_wconf 91' lang='lat' dir='ltr'>cum</span> <span class='ocrx_word' id='word_1_260' title='bbox 715 2413 757 2447; x_wconf 84' lang='lat' dir='ltr'>et</span> <span class='ocrx_word' id='word_1_261' title='bbox 794 2405 880 2462; x_wconf 85' lang='lat' dir='ltr'>ipse</span> <span class='ocrx_word' id='word_1_262' title='bbox 910 2406 1158 2464; x_wconf 74' lang='lat' dir='ltr'>ignoraverit</span> <span class='ocrx_word' id='word_1_263' title='bbox 1198 2407 1372 2448; x_wconf 83' lang='lat' dir='ltr'>uxorem</span> <span class='ocrx_word' id='word_1_264' title='bbox 1403 2420 1495 2448; x_wconf 86' lang='lat' dir='ltr'>esse</span> <span class='ocrx_word' id='word_1_265' title='bbox 1535 2402 1725 2459; x_wconf 25' lang='lat' dir='ltr'>Abrahae·</span> 
     </span>
     <span class='ocr_line' id='line_1_32' title="bbox 352 2471 1723 2530; baseline 0 -17"><span class='ocrx_word' id='word_1_266' title='bbox 352 2471 525 2522; x_wconf 77' lang='lat' dir='ltr'>Saram,</span> <span class='ocrx_word' id='word_1_267' title='bbox 551 2489 676 2530; x_wconf 88' lang='lat' dir='ltr'>quam</span> <span class='ocrx_word' id='word_1_268' title='bbox 693 2491 880 2517; x_wconf 88' lang='lat' dir='ltr'>sororem</span> <span class='ocrx_word' id='word_1_269' title='bbox 905 2475 1112 2518; x_wconf 80' lang='lat' dir='ltr'>audierat³</span> <span class='ocrx_word' id='word_1_270' title='bbox 1143 2491 1152 2517; x_wconf 78' lang='grc' dir='ltr'><em>τ</em></span> <span class='ocrx_word' id='word_1_271' title='bbox 1183 2475 1431 2518; x_wconf 90' lang='lat' dir='ltr'>Abimelech</span> <span class='ocrx_word' id='word_1_272' title='bbox 1456 2481 1597 2517; x_wconf 86' lang='lat' dir='ltr'>autem</span> <span class='ocrx_word' id='word_1_273' title='bbox 1617 2472 1723 2514; x_wconf 84' lang='lat' dir='ltr'>nul-</span> 
     </span>
    </p>

    <p class='ocr_par' dir='ltr' id='par_1_14' title="bbox 315 2541 1719 2603">
     <span class='ocr_line' id='line_1_33' title="bbox 315 2541 1719 2603; baseline -0.003 -18"><span class='ocrx_word' id='word_1_274' title='bbox 315 2542 318 2544; x_wconf 60' lang='grc'>’</span> <span class='ocrx_word' id='word_1_275' title='bbox 351 2541 439 2585; x_wconf 77' lang='lat' dir='ltr'>lam</span> <span class='ocrx_word' id='word_1_276' title='bbox 460 2558 629 2600; x_wconf 85' lang='lat' dir='ltr'>poenam</span> <span class='ocrx_word' id='word_1_277' title='bbox 656 2546 879 2603; x_wconf 84' lang='lat' dir='ltr'>exceperit.</span> <span class='ocrx_word' id='word_1_278' title='bbox 907 2545 1064 2588; x_wconf 88' lang='lat' dir='ltr'>Verum</span> <span class='ocrx_word' id='word_1_279' title='bbox 1090 2545 1259 2603; x_wconf 75' lang='lat' dir='ltr'>AEgypti</span> <span class='ocrx_word' id='word_1_280' title='bbox 1284 2560 1426 2603; x_wconf 88' lang='lat' dir='ltr'>regem</span> <span class='ocrx_word' id='word_1_281' title='bbox 1445 2541 1611 2586; x_wconf 83' lang='lat' dir='ltr'>noveris</span> <span class='ocrx_word' id='word_1_282' title='bbox 1634 2541 1719 2582; x_wconf 88' lang='lat' dir='ltr'>du-</span> 
     </span>
    </p>
   </div>
   <div class='ocr_carea' id='block_1_3' title="bbox 402 2633 1181 2679">
    <p class='ocr_par' dir='ltr' id='par_1_15' title="bbox 402 2633 1181 2679">
     <span class='ocr_line' id='line_1_34' title="bbox 402 2633 1181 2679; baseline 0.005 -15"><span class='ocrx_word' id='word_1_283' title='bbox 402 2641 412 2656; x_wconf 78' lang='lat'>¹</span> <span class='ocrx_word' id='word_1_284' title='bbox 430 2633 512 2665; x_wconf 82' lang='lat' dir='ltr'>Gen.</span> <span class='ocrx_word' id='word_1_285' title='bbox 528 2645 584 2674; x_wconf 82' lang='lat' dir='ltr'>xx,</span> <span class='ocrx_word' id='word_1_286' title='bbox 599 2635 628 2665; x_wconf 77' lang='lat'>3.</span> <span class='ocrx_word' id='word_1_287' title='bbox 647 2653 688 2660; x_wconf 88' lang='lat'>—</span> <span class='ocrx_word' id='word_1_288' title='bbox 707 2646 719 2660; x_wconf 88' lang='lat'>²</span> <span class='ocrx_word' id='word_1_289' title='bbox 739 2636 824 2668; x_wconf 86' lang='lat' dir='ltr'>Ibid.</span> <span class='ocrx_word' id='word_1_290' title='bbox 844 2637 874 2670; x_wconf 79' lang='lat'>6.</span> <span class='ocrx_word' id='word_1_291' title='bbox 897 2655 934 2661; x_wconf 92' lang='lat'><em>-</em></span> <span class='ocrx_word' id='word_1_292' title='bbox 951 2638 963 2661; x_wconf 85' lang='lat'><em>³</em></span> <span class='ocrx_word' id='word_1_293' title='bbox 983 2636 1036 2669; x_wconf 89' lang='lat' dir='ltr'>Id.</span> <span class='ocrx_word' id='word_1_294' title='bbox 1053 2647 1113 2676; x_wconf 68' lang='grc' dir='ltr'>ιιι,</span> <span class='ocrx_word' id='word_1_295' title='bbox 1131 2646 1181 2679; x_wconf 76' lang='lat'>17.</span> 
     </span>
    </p>
   </div>
  </div>
 </body>
</html>
