1742 3233
493 232 543 257 DE
580 228 784 257 ABRAHAM.
824 229 903 257 Lm.
941 230 968 256 1.
1323 212 1406 254 523

65 309 160 351 ralis
179 308 461 366 persequendi
480 294 739 364 propositum
760 314 823 347 est
841 306 935 347 loci.
968 306 1059 347 Non
1084 305 1240 347 otiosus
1265 304 1382 345 sodet
1397 338 1407 353 ,

66 378 135 436 ‘q'ui
167 379 290 435 longe
318 376 465 434 aspicit
495 391 504 418 :
530 391 608 418 nec
635 375 835 433 aspexisse
857 383 1100 424 contentus,
1126 373 1312 417 cucurrit
1341 374 1412 414 ob-

65 446 187 490 viam,
207 443 434 490 Festinavit
451 461 674 488 occurrere
688 479 699 495 ,
724 445 914 502 quianon
932 445 1028 486 satis
1045 454 1106 486 est
1120 453 1233 486 reete
1251 442 1387 485 facere
1399 474 1410 491 ,

62 517 142 560 ‘nisi
175 516 300 560 etiam
324 524 534 558 maturare
558 517 670 573 quod
697 515 823 558 facias
860 514 984 571 (59).
1010 515 1275 556 Festinanter
1302 511 1414 554 enim

64 587 321 645 manducare
342 586 496 643 pascha
519 587 586 628 lex
606 586 726 643 jubet
744 584 773 626 ¹.
801 585 1022 627 [beriores
1039 584 1151 625 enim
1168 583 1328 624 fructus
1346 582 1416 624 ha-

64 655 136 698 bet
159 652 337 712 celerata
356 656 534 697 devotio,
552 656 674 698 Disce
687 670 785 712 ergo
807 670 931 712 quam
947 654 1123 711 impiger
1139 668 1228 694 esse
1246 653 1413 701 debeas,

65 733 113 767 ut
142 725 273 783 possis
303 724 531 782 praevenire
562 726 794 782 hospiten13
819 740 871 767 ne
901 724 991 782 quis
1023 723 1270 781 praeveniat,
1308 730 1350 763 et
1378 729 1419 762 te

64 795 163 837 boni
183 792 368 837 muneris
391 796 610 837 defraudet
632 796 764 852 copia.

66 868 69 885 ²
122 863 321 906 XXXIV.
348 866 464 907 Bona
487 873 549 906 est
571 865 846 922 hospitalitas,
871 864 998 906 habet
1020 863 1259 905 mercedem
1281 875 1414 909 suam,

64 933 249 992 primum
272 934 467 976 humanae
484 935 646 992 gratiae,
672 935 821 976 deinde
839 935 951 989 quod
968 932 1105 988 majus
1121 940 1205 980 est,
1225 946 1418 972 remune-

64 1003 236 1045 rationis
261 1004 421 1046 dixinae.
456 969 651 1046 On'mnes
642 1020 684 1045 1n
716 1005 798 1046 hoc
828 1003 1011 1045 incolatu
1028 1001 1218 1058 hospites
1248 1014 1415 1046 sumus3

65 1065 119 1115 ad
147 1069 312 1130 tempus
339 1073 451 1115 enim
471 1074 699 1125 'habitandi
729 1073 934 1115 habemus
959 1071 1219 1128 hospitium.
1239 1069 1418 1126 emigra-

66 1155 159 1185 mus
187 1158 383 1201 propere.
417 1142 645 1184 caveamus
677 1158 753 1191 ne,
791 1142 919 1184 sinos
948 1141 1041 1184 duri
1067 1151 1138 1183 aut
1164 1140 1420 1197 negligentes

67 1211 269 1254 fuerimus
294 1213 335 1253 in
360 1212 609 1270 recipiendis
628 1212 885 1270 hospitibus,
916 1212 1041 1254 etiam
1069 1211 1189 1253 nobis
1210 1218 1304 1268 post
1327 1209 1420 1250 vitae

69 1281 184 1322 istius
221 1297 392 1323 cursum
430 1290 670 1324 sanctorum
710 1283 887 1340 hospitia
925 1284 1196 1339 denegentur.
1227 1280 1346 1321 Unde
1378 1277 1420 1319 in

67 1351 295 1408 Evangelio
315 1351 504 1394 Salvator
525 1353 628 1395 dicit
658 1368 666 1394 :
685 1371 700 1391 «
723 1354 867 1395 Facite
890 1353 1007 1395 vobis
1024 1353 1180 1394 amieos
1203 1353 1254 1392 de
1276 1350 1419 1405 iniquo

69 1439 84 1459 1>
98 1429 361 1479 mammona,
377 1422 447 1478 qui
461 1437 532 1463 vos
547 1423 749 1480 recipiant
764 1423 805 1464 in
822 1431 976 1465 aeterna
989 1422 1256 1464 tabernacula
1267 1435 1339 1461 sua
1351 1418 1381 1460 ².
1398 1437 1412 1456 υ

65 1489 229 1532 Deinde
261 1491 387 1532 etiam
428 1492 470 1532 in
500 1491 581 1534 hoc
619 1508 795 1550 corpore
828 1493 914 1534 sitis
950 1495 1198 1550 plerumque
1230 1490 1424 1532 oboritur

69 1560 360 1623 peregrinandi
382 1562 620 1604 necessitas.
650 1563 777 1613 Quod
803 1578 901 1619 ergo
934 1562 1020 1604 aliis
1043 1560 1283 1619 negaveris,
1314 1560 1355 1601 id
1382 1559 1423 1599 in

70 1639 111 1672 te
133 1630 220 1687 ipse
243 1631 432 1672 decernis
463 1647 472 1672 :
503 1641 544 1673 et
567 1634 683 1688 quod
709 1632 797 1674 aliis
821 1632 1040 1680 detuleris,
1063 1648 1112 1673 eo
1137 1639 1174 1672 te
1195 1630 1321 1672 facies
1341 1629 1426 1685 dig-

71 1704 172 1742 ntm']
202 1700 345 1755 videri.
386 1700 429 1743 Si
459 1716 607 1743 omnes
641 1717 733 1743 eam
776 1702 1026 1743 sententiam
1055 1717 1139 1742 non
1171 1697 1424 1756 suscipiendi

69 1769 255 1827 hospites
278 1779 531 1826 sequantur,
556 1772 631 1813 ubi
651 1772 729 1812 erit
749 1772 913 1828 requies
937 1768 1331 1828 peregrinantibus?
1348 1769 1424 1810 Re-

71 1840 178 1882 lictis
201 1840 328 1898 igitur
349 1841 545 1882 humanis
571 1842 845 1890 habitaculis,
876 1842 1135 1898 captabimus
1157 1856 1342 1882 secessus
1370 1839 1425 1880 fe-

69 1914 227 1959 rarum,
252 1911 482 1952 bestiarum
509 1911 677 1957 cubilia.

67 2034 70 2039 ¹
126 1980 307 2023 XXXV.
336 1981 421 2023 Sed
451 1981 694 2038 pauperiem
717 1981 955 2039 prcetendis.
984 1981 1076 2023 Non
1099 1995 1198 2037 opes
1222 1995 1244 2021 a
1265 1988 1305 2021 te
1326 1979 1425 2021 hos-

67 2062 141 2106 pes
166 2047 366 2106 requirit,
392 2051 465 2092 sed
490 2051 688 2108 gratiam3
725 2067 810 2092 non
835 2059 1031 2093 ornatum
1062 2050 1323 2097 convitium,
1355 2051 1428 2090 sed

69 2119 211 2160 cibum
233 2119 418 2162 obvium.
438 2138 453 2158 «
476 2121 621 2163 Melior
643 2130 732 2171 est,
751 2121 885 2177 inquit
900 2154 911 2170 ,
938 2121 1195 2178 hospitalitas
1219 2135 1315 2162 cum
1340 2120 1428 2160 ole-

71 2207 86 2228 »
101 2190 214 2231 ribus
246 2192 298 2232 ad
320 2190 549 2233 amicitiam
570 2201 612 2234 et
635 2193 810 2249 gratiam·
828 2225 838 2240 ,
874 2208 1000 2249 quam
1024 2192 1056 2234 si
1078 2191 1230 2234 vitulos
1259 2190 1427 2232 occidas

69 2279 84 2299 υ
99 2260 150 2302 ad
172 2261 372 2319 praesepia
395 2277 491 2303 cun]
510 2262 739 2304 inimicitiis
756 2262 784 2305 ³.
809 2282 824 2302 »
851 2264 949 2304 Haec
967 2270 1083 2320 grata
1105 2261 1363 2309 hominibus,
1388 2269 1430 2303 et

64 2330 240 2404 aecepta
259 2330 363 2374 Deo.
391 2333 510 2374 Unde
520 2332 726 2374 Dominus
747 2332 901 2374 Jesus'
890 2349 932 2374 1n
954 2333 1179 2390 Exangelio
1201 2347 1320 2381 eum,
1340 2330 1428 2388 qui-

68 2400 251 2474 eumque
264 2400 439 2444 dederit
458 2398 614 2460 hospiti
635 2411 783 2462 potum
810 2419 926 2461 aquae
956 2401 1149 2474 srigidae⁶
1160 2436 1170 2453 ,
1196 2403 1429 2445 coelestium

24 2557 38 2564 χ
71 2548 75 2551 ,
111 2510 248 2606 ¹4Esod.
275 2523 345 2551 χιι
380 2522 428 2545 11.
456 2530 496 2538 —
525 2513 632 2562 ²Luc·
663 2523 794 2559 xv.1,9
824 2531 863 2537 —
894 2512 1026 2546 ³Pr0v.
1058 2524 1183 2558 xv,17.
1211 2513 1427 2551 —4Mauh.

68 2576 112 2606 x,
160 2576 175 2598 2
227 2588 236 2595 .
