1742 3233
436 319 488 347 DE
524 316 730 345 ABRARAM.
768 317 845 343 Lm.
884 317 910 343 1.
1270 308 1355 359 529

7 404 45 446 ei
64 417 188 459 quem
210 400 313 442 nihil
328 400 443 447 latet,
474 399 654 439 clamant
677 396 833 444 omnia,
859 396 1040 437 clamare
1061 397 1256 438 videntur
1277 398 1357 438 sin-

10 475 202 531 gulorum
230 468 441 511 crimina?
471 468 661 524 Denique
695 467 746 507 ad
775 466 878 507 Cain
910 466 1062 507 dicitur
1087 483 1095 507 :
1136 484 1150 505 e(
1182 466 1356 524 Sanguis

8 543 174 585 »fratris
196 541 256 582 tui
279 542 330 582 ad
346 555 414 581 me
437 541 587 581 clamat
608 538 619 559 ¹
638 570 648 586 ,
669 556 684 576 »
712 537 792 581 hoc
819 545 881 578 est
896 570 906 585 ,
933 553 1015 578 non
1038 539 1157 586 latet,
1182 541 1254 580 sed
1272 540 1360 580 cIa-

8 620 96 655 mat
119 610 389 669 parricidium
416 617 551 650 tuum.
580 610 724 664 Itaque
744 609 857 649 velut
882 607 1086 649 excitatur
1106 609 1216 650 Deus
1241 609 1360 665 [lagi-

10 682 164 723 tiorum
188 688 426 721 nostrorum
451 679 703 720 clamoribus
723 695 734 727 3
755 685 799 718 ut
821 677 1043 733 aliquando
1064 678 1269 727 vindicet,
1291 678 1360 734 qui

11 751 191 793 libenter
205 751 393 807 ignoscit.

72 820 259 864 XLVIII.
296 820 485 876 Denique
521 819 700 861 Abrahae
732 819 891 876 petenti
928 835 979 861 ne
1018 820 1143 861 simul
1173 821 1367 877 perderet

13 891 171 948 justos,
214 899 410 947 tanquam
443 891 628 951 iniquos,
665 898 705 931 et
742 890 1013 947 interroganti
1042 905 1050 930 :
1096 909 1110 928 «
1143 890 1185 931 Si
1216 890 1369 932 suerint

15 960 342 1017 »quinquaginta
374 960 472 1016 justi
498 960 539 1000 in
567 960 753 1007 civitate,
785 962 933 1017 perdes
966 959 1089 1001 illos?
1110 960 1366 1016 Respondit:

15 1048 31 1070 η
45 1030 136 1073 Non
155 1031 326 1087 perdam
347 1029 578 1078 civilatem,
598 1030 631 1070 si
649 1029 802 1075 fuerint
820 1029 860 1069 in
879 1044 924 1070 ea
944 1029 1241 1086 quinquaginta
1255 1030 1370 1085 justi,

17 1117 32 1139 »
47 1109 90 1141 et
112 1107 247 1141 totum
269 1101 409 1141 locum
422 1098 638 1140 servah02.
665 1099 744 1140 »Et
766 1099 823 1140 sic
845 1115 919 1156 per
939 1099 1127 1140 ordinem
1147 1100 1374 1158 interroga-

18 1169 208 1218 tionum,
251 1177 292 1210 et
326 1169 646 1225 responsionum
680 1167 838 1216 vicem,
870 1169 1031 1210 etiamsi
1061 1171 1208 1211 decem
1242 1170 1374 1227 justes

18 1238 227 1280 invenerit
254 1238 295 1279 in
326 1237 514 1287 civitate,
549 1246 690 1280 tamen
719 1246 889 1296 propter
914 1254 1144 1296 paucorum
1175 1240 1378 1296 justitiam

21 1308 317 1366 impunitatem
335 1309 410 1350 toti
428 1310 584 1366 populo
602 1308 820 1366 promittit.
846 1310 964 1350 Unde
982 1310 1180 1351 discimus
1200 1320 1378 1367 quantus

21 1393 172 1422 murus
195 1378 246 1419 sit
268 1378 411 1435 patriae
434 1378 497 1419 vir
516 1378 666 1435 justus,
688 1379 1379 1434 quemadmodumnondebeamus

24 1450 212 1492 invidere
233 1449 329 1489 vii-Is
355 1449 530 1497 sanctis,
556 1464 633 1490 nec
661 1456 819 1490 temere
845 1451 1056 1506 derogare.
1092 1451 1265 1491 Illorum
1292 1459 1381 1491 ete-

24 1521 110 1563 nim
134 1535 210 1561 nos
236 1518 338 1560 fides
365 1528 521 1568 servat,
544 1519 712 1561 illorum
738 1519 897 1575 justitia
921 1520 970 1560 ab
990 1520 1150 1561 excidio
1177 1519 1374 1562 defendit.

23 1590 208 1634 Sodoma
238 1605 404 1647 quoque
432 1590 464 1632 si
495 1590 711 1632 habuisset
740 1590 849 1632 viros
884 1592 1030 1633 decem
1058 1591 1217 1649 justos,
1246 1591 1383 1651 potuit

27 1676 113 1704 non
129 1662 278 1720 perire.
901 1711 904 1714 ἢ

85 1732 237 1776 XLIX.
277 1731 391 1783 Quid
413 1731 490 1773 sibi
509 1740 649 1773 autem
670 1734 757 1774 vult
775 1735 888 1789 quod
912 1735 984 1784 issi,
1011 1736 1080 1792 qui
1103 1737 1154 1778 ad
1166 1737 1377 1780 Abraham

29 1804 153 1846 simul
172 1818 266 1844 cum
281 1801 462 1843 Domino
481 1812 694 1852 venerant,
718 1803 942 1846 Sodomam
961 1807 1173 1863 petierunt
1192 1808 1279 1857 viri,
1303 1808 1381 1850 nisi

27 1882 76 1916 ut
96 1873 364 1915 acerbaretur
385 1873 543 1915 crimen
561 1888 723 1931 eorum,
743 1873 774 1915 si
793 1889 897 1930 quos
917 1875 1061 1917 Justus
1084 1877 1376 1927 honoraverat,

22 1943 86 1986 his
109 1943 269 2000 majore
293 1944 506 2001 sacrilegio
532 1944 647 2002 impii
674 1937 756 1987 vim
781 1939 1035 1988 conarentur
1061 1947 1247 1989 inferre.D
1274 1948 1379 1990 Nam

22 2017 136 2073 quod
160 2015 270 2057 viros
304 2015 426 2064 dixit,
453 2015 621 2057 evidens
645 2024 706 2058 est
738 2016 843 2057 ratio
862 2050 873 2067 ,
908 2018 1009 2075 quia'
1025 2018 1204 2076 speciem
1229 2019 1379 2076 prcesc-

21 2089 174 2130 rebant
199 2088 397 2130 virorum.
433 2111 438 2113 ·
1050 2078 1055 2080 ἢ
1237 2078 1240 2081 ,
1375 2082 1378 2083 ⁷

40 2164 54 2220 ‘⁷
78 2157 124 2200 L.
162 2157 389 2200 Sodomam
409 2156 613 2202 venerunt
636 2176 832 2218 vespere,
858 2163 1033 2206 meridie
1057 2167 1107 2208 ad
1131 2165 1341 2211 Abraham
1362 2188 1372 2220 ;

23 2226 118 2284 quia
140 2227 251 2286 justo
276 2229 452 2288 refulget
472 2229 728 2291 Angelorum
752 2234 968 2289 przesentia
983 2267 993 2283 ,
1028 2235 1163 2294 impiis
1185 2239 1344 2281 tenebr:
1360 2256 1377 2282 s

27 2295 159 2339 affert.
188 2299 345 2340 Tamen
382 2307 518 2356 potest
547 2301 692 2343 referri
723 2303 848 2344 ctiam
878 2305 929 2345 ad
957 2312 1123 2363 tempus
1153 2310 1373 2353 dominicae

23 2368 244 2431 passionis,
269 2371 382 2426 quod
402 2372 562 2428 vesperi
585 2382 787 2415 venerunt
812 2376 862 2415 ad
886 2391 1003 2425 eum,
1038 2378 1107 2434 qui
1137 2395 1156 2420 a
1179 2379 1375 2426 Sodomi-

23 2439 131 2481 tanis
151 2440 487 2498 contagionibus,
503 2451 545 2484 et
560 2444 685 2486 totius
703 2445 818 2486 urbis
833 2446 994 2489 excidio
1012 2458 1099 2492 erat
1116 2452 1369 2498 liberandus.

23 2504 182 2568 Vesper
206 2519 294 2552 erat
326 2519 549 2569 antequam
581 2514 771 2557 Christus
802 2517 991 2567 venirem
1023 2522 1117 2578 quia
1145 2532 1256 2567 totus
1285 2536 1375 2570 erat

25 2582 208 2623 mundus
220 2581 261 2623 in
279 2583 475 2626 tenebris.
500 2584 656 2643 Vesper
673 2595 762 2630 erat
779 2589 988 2639 omnibus,
1008 2606 1112 2649 quos
1130 2594 1376 2642 immanium

71 2681 81 2696 ¹
103 2673 185 2705 Gen.
201 2682 245 2710 Ν,
262 2683 311 2709 ιο.
327 2694 368 2702 -
389 2688 401 2703 ²
413 2675 465 2711 Id.
480 2689 572 2718 xwu,
589 2679 628 2719 ²4
646 2686 679 2714 et
697 2681 750 2716 26.

173 2744 252 2773 mv.
1176 2747 1200 2789 3
1209 2751 1235 2800 4
