1742 3233
344 278 396 308 DE
429 276 507 307 Nor:
540 277 593 306 ET
625 275 745 305 ΑΒΜ,
784 274 902 304 LIBER
934 274 1050 304 vaus.
1290 264 1371 312 421

30 415 431 435 ΜΜΜΜΜΜἎΝΜἉΝ
435 413 748 433 ΜΜΜΜᾺὌΚΧΑΛΛΛΙ
754 412 795 430 ku
799 412 841 428 §.W
847 412 1021 428 ΜᾺΝᾺΝΝᾺ
1025 412 1068 428 §W
1073 411 1246 429 wwvuvxuv
1253 412 1280 426 vv
1285 411 1328 426 Ὰν
1332 411 1373 425 xxv

576 541 751 585 CAPUT
781 540 830 584 V.

34 692 221 734 Terram
258 690 493 745 iniquitate
527 689 758 732 hominum
790 690 922 746 fuisse
955 698 1238 746 corruptam,·
1275 689 1381 729 item

87 761 231 803 omnis
266 759 458 802 hominis
488 770 655 816 tempus
688 769 788 801 ante
816 760 1064 802 Dominum
1100 774 1184 801 esse
1213 758 1382 815 duplici

86 830 214 872 modo
232 830 445 888 intelligi:
464 830 591 885 deniq
600 844 738 886 uepro
756 839 840 871 toto
860 830 1034 871 homine
1052 845 1225 872 earnem
1243 829 1377 876 sumi,

87 902 209 957 cujus
232 899 442 941 illecebris
465 899 621 940 anima
644 909 792 941 nostra
813 900 1129 957 corrumpitur.

86 1053 161 1096 XI.
211 1070 227 1091 «
244 1051 704 1100 CORRUPTAestautem
726 1062 835 1095 terra
859 1068 1002 1095 coram
1019 1054 1129 1102 Deo,
1153 1062 1195 1095 et
1208 1054 1381 1111 impleta

28 1142 43 1163 »
57 1132 133 1172 est,
158 1123 307 1180 inquit,
327 1123 543 1179 iniquitate
565 1122 596 1164 1.
618 1142 632 1161 »
663 1124 795 1164 Causa
821 1131 996 1165 terrenae
1016 1126 1264 1181 corruptelae
1288 1140 1380 1166 ma-

28 1193 174 1235 nifesta
198 1200 276 1240 est,
300 1207 349 1233 eo
371 1193 484 1249 quod
501 1192 694 1248 iniquitas
717 1193 936 1235 hominum
950 1201 1104 1235 terram
1124 1193 1374 1250 corruperit.

28 1264 147 1304 Unde
163 1271 204 1304 et
225 1262 429 1304 Dominus
449 1262 559 1303 Deus
579 1262 635 1304 ait
659 1276 669 1304 ε
697 1279 713 1300 α
735 1262 918 1319 Tempus
944 1263 1079 1304 omnis
1105 1262 1286 1304 hominis
1308 1279 1383 1304 ve-

28 1351 44 1372 »
58 1333 120 1374 nit
141 1341 236 1374 ante
251 1347 342 1380 me,
367 1324 461 1388 quia
480 1334 635 1389 repleta
657 1340 718 1373 est
740 1341 849 1374 terra
874 1332 1163 1389 iniquitatibus
1188 1332 1272 1373 suis
1296 1331 1325 1373 2.
1355 1350 1370 1370 n

28 1405 210 1461 Tempus
234 1403 404 1459 quidem
433 1403 624 1444 omnium
650 1403 870 1444 hominum
893 1403 935 1444 in
959 1410 1188 1459 conspectu
1209 1402 1311 1451 Dei,
1341 1411 1382 1444 et

29 1473 72 1515 in
91 1474 182 1529 ejus
202 1475 416 1515 voluntate
433 1481 507 1514 est.
535 1473 627 1515 Non
644 1473 771 1521 enim,
792 1482 838 1515 ut
860 1475 983 1530 vulgo
1003 1474 1136 1521 aiunt,
1162 1472 1285 1514 fatale
1308 1475 1384 1514 de-

30 1552 193 1586 cretum
210 1544 400 1600 alligatur
420 1559 428 1584 :
459 1545 532 1585 sed
554 1552 694 1585 tamen
720 1543 954 1601 specialiter
981 1543 1048 1585 hie
1074 1544 1234 1585 dictum
1256 1551 1358 1601 puto
1371 1561 1382 1592 ;

31 1613 126 1670 quia
148 1613 190 1655 in
215 1613 438 1669 Evangelio
461 1613 666 1655 Dominus
688 1616 980 1670 redempturus
1004 1613 1225 1654 hominum
1249 1628 1383 1669 genus

30 1684 220 1742 passione
237 1684 299 1725 sui
316 1684 517 1740 corporis,
537 1691 578 1725 et
593 1686 896 1726 emundaturus
914 1685 1113 1741 sanguine
1131 1699 1222 1732 suo,
1245 1699 1382 1725 sacra-

31 1762 259 1810 mentoque
287 1753 563 1810 baptismatis,
596 1754 679 1795 ait:
707 1771 722 1791 «
742 1754 887 1802 Pater,
917 1754 1029 1795 venit
1050 1754 1176 1802 hora,
1204 1752 1388 1795 clarifica

32 1822 215 1865 »Filium
232 1830 351 1865 tuum
368 1857 378 1871 ,
402 1831 505 1864 utet
524 1823 654 1865 Filius
678 1832 774 1865 tuus
796 1823 997 1865 clarificet
1020 1832 1060 1864 te
1083 1822 1111 1865 ³.
1128 1842 1142 1861 η
1163 1822 1274 1880 Ergo
1288 1822 1386 1878 quia

33 1892 76 1934 in
105 1892 256 1934 diluvio
288 1908 362 1950 per
388 1908 529 1935 arcam
554 1893 642 1935 Noe
670 1902 840 1935 servatae
877 1901 974 1935 sunt
1006 1893 1189 1948 reliquia:
1223 1891 1389 1949 generis

33 1962 207 2005 humani
228 1964 278 2004 ad
289 1963 559 2005 seminarium
571 1964 844 2020 reparationis
861 1971 902 2005 et
924 1962 1204 2004 renovationis
1222 1962 1387 2009 suturae,

34 2033 128 2074 ideo
155 2033 354 2091 praemisit
376 2033 444 2074 hie
466 2049 474 2075 :
512 2051 527 2072 «
551 2035 735 2091 Tempus
757 2035 891 2076 omnis
914 2034 1096 2076 hominis
1122 2033 1263 2081 venit3
1291 2032 1387 2088 quia

35 2105 220 2160 »repleta
243 2111 305 2144 est
326 2111 435 2145 terra
459 2103 748 2160 iniquitatibus
766 2104 861 2144 suis.
882 2123 897 2142 »
921 2104 1010 2146 Hoc
1026 2103 1068 2143 in
1090 2102 1221 2159 figura
1234 2118 1244 2150 3
1267 2102 1307 2142 in
1325 2116 1393 2142 ve-

36 2174 156 2216 ritate
183 2182 322 2216 autem
346 2174 401 2216 ait
421 2190 429 2215 :
461 2192 476 2212 «
497 2175 697 2231 Reliquiae
719 2191 794 2232 per
816 2174 1084 2216 dilectionem
1108 2173 1249 2229 gratia)
1272 2173 1391 2213 salvae

36 2243 183 2285 »factce
205 2252 302 2286 sunt
317 2243 346 2285 ¹¹.
371 2263 385 2282 >³
413 2245 596 2300 Ideoque
614 2247 820 2287 exclamat
842 2244 1066 2300 Apostolus
1086 2243 1254 2284 dicens:
1276 2260 1290 2279 κ
1310 2241 1393 2282 Su-

38 2332 53 2353 »
66 2330 140 2372 per
163 2315 391 2357 abundavit
410 2323 648 2372 peccatum,
670 2324 717 2357 ut
733 2313 1092 2371 superabundaret
1113 2321 1153 2354 et
1171 2312 1301 2369 gratia
1319 2311 1348 2353 5.
1366 2330 1381 2350 »

95 2385 189 2427 XII.
240 2385 498 2443 «Corrupit,
530 2385 690 2442 inquit,
724 2385 857 2427 omnis
887 2399 982 2426 earo
1013 2383 1122 2425 viam
1150 2397 1267 2423 suam
1300 2380 1328 2422 ⁵.
1365 2400 1380 2419 »

41 2454 220 2498 Carnem
242 2456 311 2498 hic
333 2456 470 2513 posuit
490 2472 565 2514 pro
584 2457 756 2499 homine
778 2464 965 2502 terreno,
992 2453 1033 2494 in
1052 2468 1133 2509 quo
1155 2451 1289 2493 carnis
1308 2451 1394 2492 ille-

88 2560 96 2573 ¹
115 2551 198 2583 Gen.
216 2562 273 2590 VI,
301 2561 350 2583 11.
375 2569 415 2576 —
441 2562 453 2576 ²
482 2551 567 2584 Ibid.
598 2553 647 2585 ιδ.
672 2570 713 2577 -
736 2554 750 2576 3
776 2553 965 2589 Joan.xvn‚
986 2561 1013 2583 1.
1030 2568 1069 2574 —
1091 2551 1103 2577 ⁴
1125 2549 1214 2581 Rom.
1234 2559 1280 2586 ευ,
1300 2548 1328 2579 5·
1350 2562 1389 2569 -“

44 2606 59 2627 ¹
77 2604 128 2638 Id.
144 2617 176 2646 v,
203 2617 253 2638 20.
277 2624 316 2632 -e
331 2607 345 2629 θ
364 2605 444 2638 Gen.
464 2617 510 2643 vi,
535 2617 579 2638 12.

7 2672 40 2707 k„

9 2780 16 2784 ι
