1742 3233
307 313 395 369 304
855 328 885 358 ε.
924 325 1115 360 Amnem

303 421 388 451 non
425 402 552 465 geniti
585 403 693 450 illius
729 407 956 465 operatoris
997 403 1136 450 siverit
1172 402 1373 448 'malitiam'
1406 398 1579 448 introire
1616 398 1659 447 {a

307 478 421 519 hunc
446 478 676 525 mundum,
697 492 795 518 cum
816 478 945 535 possit
963 478 1167 519 inhibere.

361 547 470 590 XLI.
510 548 656 604 Itaque
673 558 884 590 servantes
907 564 1038 590 unum
1064 556 1106 590 et
1129 547 1325 589 eumdem
1346 546 1482 588 Deum
1502 547 1662 588 bonum

306 624 427 673 atque
445 625 707 673 operatorem
721 650 732 666 ,
758 617 802 658 id.
824 618 856 659 si
877 633 1120 675 possumus,
1147 625 1380 658 astruamus
1397 649 1408 665 ,
1428 618 1543 673 quod
1564 631 1664 673 gra-

310 687 374 728 tiae
396 686 564 742 utrique
590 687 833 735 conveniat,
869 703 947 729 nee
980 688 1255 730 accusationis
1294 702 1439 729 eorum
1478 687 1664 728 decline-

309 770 401 796 mus
433 755 630 796 invidiam
647 788 657 803 ,
693 756 763 810 qui
790 757 844 797 ita
880 757 1025 799 dicunt
1051 773 1093 799 :«
1107 759 1332 809 Quomodo
1360 758 1497 798 bonus
1528 757 1662 803 Deus,

309 824 379 880 qui
400 839 484 864 non
507 825 642 865 solum
667 839 811 881 passus
831 834 892 867 est
919 825 1091 867 introire
1116 827 1156 867 in
1184 827 1297 868 hune
1321 828 1530 868 mundum
1552 825 1666 866 mali-

309 894 407 935 tiam
418 910 428 941 ;
457 895 529 935 sed
551 894 678 935 etiam
711 895 753 936 in
777 903 938 936 tantam
970 896 1258 937 confusionem
1289 896 1433 937 venire
1459 894 1660 952 permisit.

308 962 467 1006 Verum
490 963 579 1005 haec
604 965 812 1006 accusatio
842 973 943 1006 tunc
975 967 1117 1008 locum
1140 966 1341 1015 haberet,
1379 966 1410 1007 si
1435 966 1490 1007 ita
1521 965 1667 1006 animae

304 1034 388 1076 vim
406 1042 447 1075 et
470 1034 614 1075 intima
632 1044 792 1077 secreta
814 1036 965 1077 mentis
989 1035 1178 1078 inficeret
1194 1069 1204 1085 ‚
1225 1045 1273 1078 nt
1296 1038 1412 1078 nullo
1431 1043 1554 1093 pacto
1572 1050 1669 1091 pos-

309 1112 369 1145 set
393 1104 571 1152 aboleri,
596 1112 636 1146 et
654 1104 1029 1147 immedicabilium
1046 1108 1267 1148 vulnerum
1288 1107 1418 1148 menti
1439 1114 1565 1161 atque
1587 1104 1670 1145 ani-

309 1189 386 1216 mae
410 1182 561 1216 nostrae
590 1175 703 1216 virus
727 1176 955 1218 insideret:
981 1185 1090 1218 esset
1119 1177 1230 1217 enin]
1256 1177 1388 1233 aptior
1419 1175 1546 1231 hujus
1568 1189 1671 1230 que-

311 1245 406 1285 relae
423 1246 540 1286 loeus
553 1277 563 1292 ,
582 1245 694 1300 quod
713 1260 809 1286 eum
833 1247 970 1287 onmia
990 1247 1268 1303 possit‘Deus,
1289 1246 1506 1288 hominem
1526 1253 1671 1286 tamen

310 1313 447 1370 perire
469 1314 520 1354 sit
549 1329 704 1371 passus,
735 1315 891 1357 Verum
912 1331 1009 1357 cum
1034 1317 1147 1357 Deus
1171 1316 1302 1357 nostri
1319 1315 1558 1357 misericors
1579 1327 1672 1353 res-

311 1385 468 1441 pue-ndi
500 1385 651 1426 erroris
688 1386 871 1428 remedia
908 1387 1203 1436 reservaverit,
1230 1385 1507 1441 abolendique
1533 1383 1669 1424 omnis

311 1456 494 1512 contagii
511 1471 597 1497 non
614 1456 842 1498 aboleverit
858 1456 1124 1506 faci1ltaten13
1148 1459 1359 1514 quomodo
1381 1453 1672 1498 irrationabile

306 1525 371 1568 vel
409 1524 612 1581 injustum
650 1535 734 1574 est,
766 1527 797 1568 si
831 1528 1019 1584 permisit
1052 1536 1242 1569 nostrum
1279 1527 1492 1569 materiale
1516 1523 1667 1566 tentari

313 1597 494 1651 quadam
526 1596 803 1653 trepidatione
838 1598 1070 1654 fragilitatis
1100 1599 1319 1646 humanae;
1354 1607 1400 1639 ut
1428 1594 1671 1638 foeneratior

314 1673 459 1722 postea
477 1667 609 1723 gratia
631 1683 706 1723 per
727 1667 1016 1724 poenitentiam
1035 1668 1285 1709 delictorum
1305 1668 1346 1708 in
1367 1666 1548 1708 hominis
1569 1663 1676 1705 redi·
1735 1693 1740 1700 2

315 1744 378 1777 ret
400 1735 615 1785 affectum,
636 1745 677 1778 et
701 1736 931 1794 fragilitatis
950 1753 1032 1778 suae
1050 1738 1257 1785 conscius,
1285 1739 1396 1793 quod
1414 1745 1497 1778 tam
1516 1734 1635 1777 facile
1653 1748 1675 1775 a

316 1804 553 1847 divinorum
584 1808 878 1847 mandatorum
904 1807 1008 1848 serie
1033 1807 1236 1848 deviando
1263 1807 1556 1863 trepidaverit,
1583 1812 1677 1844 tan-

314 1889 438 1929 quain
463 1876 628 1916 clavum
652 1875 799 1916 animae
822 1876 1066 1918 fluctuantis
1089 1878 1284 1918 mandata
1304 1877 1485 1919 coelestia
1508 1876 1673 1917 timeret

311 1945 525 1992 ainittere;
552 1946 700 1986 ‹livinae
724 1946 1019 1987 misericordiae
1042 1948 1134 2003 plus
1153 1947 1341 1988 tribuens
1366 1947 1478 2003 quod
1508 1945 1669 2002 recepit

316 2013 512 2055 amissum
528 2046 538 2062 ‚
563 2023 606 2056 et
626 2015 702 2056 sibi
726 2016 881 2071 aliquid
902 2032 1108 2074 usurpans
1132 2017 1271 2074 gratiae
1289 2019 1401 2074 quod
1417 2024 1661 2059 revertatur.
