1742 3233
487 286 539 312 niz
575 283 781 312 mamm.
819 284 896 311 Lm.
938 285 964 310 1.
1320 271 1399 313 505

56 360 141 402 ruit
173 359 311 416 itaque
352 360 565 402 Abraham
600 361 821 408 mandato,
865 375 941 401 nec
977 361 1057 402 ulla
1097 360 1248 418 legitur
1286 377 1402 403 mora

55 429 338 472 intervenisse.

115 499 162 542 V.
204 519 219 538 ι
236 501 437 557 Egressus
450 501 755 558 perambulavit
771 509 921 541 terram
939 515 1068 556 usque
1082 502 1133 542 ad
1149 501 1316 543 Sichem
1328 501 1339 521 ¹
1351 533 1361 549 ,
1381 519 1397 540 ›>

54 569 169 625 quod
196 568 538 626 interpretatione
570 571 695 611 latina
729 570 881 611 dicitur
910 570 1113 611 humerus
1148 572 1212 612 vel
1243 570 1403 618 cervix,

54 653 129 695 per
173 653 265 694 quae
316 639 608 681 executionem
660 640 891 697 praescripti
934 640 1074 698 operis
1122 640 1404 696 intelligimus.

54 707 271 764 Siquidem
293 717 335 750 01
357 709 460 750 infra
482 709 685 751 habemus
707 710 911 767 scriptum
937 725 946 751 ε
969 728 984 747 «
1012 710 1240 767 Supposuit
1258 710 1404 751 hume-

52 795 68 816 n
83 793 176 819 rum
193 794 316 820 suum
334 781 384 821 ad
400 780 677 822 laborandum
693 780 723 822 ².
747 799 762 818 »
793 783 908 828 [nde
924 796 998 838 per
1016 780 1194 837 figuram
1212 781 1406 821 locorum

54 845 97 887 id
117 862 357 904 expressum
374 850 627 891 advertimus
643 884 653 898 ‚
678 851 1078 906 quod'devotionem
1096 865 1214 891 suam
1237 857 1405 891 sanctus

51 915 265 959 Abraham
296 933 380 960 non
411 921 547 960 solum
579 921 742 968 studio,
773 921 845 961 sed
879 921 1006 962 etiam
1039 919 1223 961 efficacia
1252 919 1406 976 proba-

47 987 154 1029 verit
176 987 412 1037 fructuosa,
443 1004 524 1045 qua
555 991 605 1031 ad
628 1005 832 1046 quercum
860 1005 992 1045 usque
1024 989 1272 1046 pervenerit.
1308 988 1405 1038 Quo

48 1057 142 1098 loco
172 1058 364 1115 apparuit
387 1059 445 1100 itti
472 1059 678 1101 Dominus
696 1092 706 1107 ,
733 1067 774 1100 et
797 1052 903 1100 *dixit
929 1074 937 1099 ε
977 1076 992 1096 «
1014 1057 1171 1100 Semini
1201 1066 1272 1098 tuo
1296 1057 1404 1098 dabo

21 1179 23 1183 y
47 1134 233 1168 »terram
253 1127 403 1170 hanc³.
432 1147 447 1167 »
485 1127 592 1170 Vide
615 1129 826 1185 quomodo
848 1129 1052 1186 promisso
1080 1127 1287 1184 frequenti
1310 1135 1405 1169 tan-

8 1182 22 1194 ,
46 1212 174 1253 quam
208 1198 436 1241 invalidum
467 1198 604 1240 adhuc
635 1199 830 1240 informet
858 1207 981 1255 atque
1009 1198 1221 1245 instituat;
1251 1206 1293 1239 et
1318 1197 1404 1254 ipsc

47 1282 211 1309 memor
231 1269 293 1310 sui
310 1277 446 1310 totum
466 1269 554 1311 Deo
573 1271 746 1326 deputet
765 1303 775 1319 ,
799 1269 904 1310 nihil
925 1269 1002 1310 sibi
1019 1268 1214 1310 vindicet.
1243 1268 1343 1308 Ideo
1361 1275 1403 1308 01

59 1355 74 1376 α
96 1336 223 1379 Aram
244 1338 464 1381 {edificavit
490 1340 578 1381 Deo
595 1372 606 1388 ‚
641 1339 712 1395 qui
741 1339 934 1396 apparuit
955 1339 1018 1386 ei3
1049 1346 1091 1379 et
1111 1337 1281 1379 recessit
1305 1336 1403 1377 inde

47 1425 63 1445 »
78 1406 119 1448 in
136 1416 325 1450 montem
343 1417 489 1450 contra
508 1409 723 1451 Orientem
742 1408 911 1450 Bethelss
932 1442 942 1457 ‚
968 1427 983 1446 1»
1004 1417 1242 1465 surgentem
1265 1406 1402 1461 adhuc

49 1475 126 1517 sihi
153 1475 294 1519 Solem
323 1478 496 1535 cupiens
526 1479 695 1535 justitiae
716 1479 870 1520 videre.
907 1478 1087 1534 Ideoque
1118 1493 1202 1519 non
1230 1477 1270 1518 in
1290 1475 1409 1517 valli-

46 1545 149 1594 bus,
177 1548 249 1588 sed
272 1547 313 1588 in
341 1556 485 1589 monte
509 1549 827 1590 tabernaculum
858 1548 936 1589 sibi
961 1548 1140 1595 locavit,
1172 1547 1266 1604 quia
1288 1546 1402 1587 Deus

46 1615 255 1657 montium
272 1625 356 1666 est,
383 1626 425 1659 01
447 1633 531 1658 11011
553 1618 736 1659 vallium.

110 1685 173 1728 VI.
223 1704 238 1724 «
258 1687 310 1729 Et
340 1687 546 1730 invocavit
582 1704 735 1729 nomen
766 1689 975 1730 Domini⁵.
995 1707 1009 1727 »
1049 1688 1126 1730 [bi
1155 1687 1324 1733 Βο11101,
1361 1685 1403 1726 111

46 1761 130 1803 est,
156 1755 305 1798 domus
328 1757 427 1805 Dei,
454 1758 510 1799 ibi
533 1766 574 1799 et
600 1773 668 1799 ara
690 1774 699 1799 ε
730 1758 802 1799 ubi
827 1774 892 1798 ara
913 1791 922 1805 ‚
955 1758 1010 1798 1111
1034 1766 1074 1799 et
1098 1755 1302 1798 invocatio
1327 1754 1402 1796 Dei

48 1825 191 1867 nostri.
229 1826 322 1868 Non
359 1828 652 1884 immeritoque
680 1843 899 1885 processus
931 1836 1068 1869 tantos
1104 1826 1273 1873 habuit,
1307 1824 1404 1880 quia

45 1894 182 1937 Deum
201 1898 393 1953 sperabat
411 1898 490 1939 sibi
513 1899 663 1940 auxilio
681 1898 782 1940 sore.
811 1899 1041 1940 Exercetur
1064 1897 1216 1938 athleta
1236 1895 1336 1943 Dei,
1360 1902 1403 1935 01

46 1967 250 2022 probatur
291 1968 470 2009 adversis
502 1983 510 2009 :
538 1969 578 2009 in
611 1969 823 2009 desertum
850 1968 975 2015 abiit,
1006 1967 1135 2008 fames
1164 1965 1329 2012 incidit,
1362 1964 1403 2004 in

48 2035 277 2092 AEgyptum
321 2038 550 2080 descendit.
594 2037 868 2095 Compei-erat
907 2038 947 2078 in
981 2038 1160 2093 *Egypto
1206 2035 1402 2076 lascivam

46 2119 135 2146 esse
155 2104 357 2161 juvenum
383 2108 590 2149 luxuriam
606 2141 616 2154 ‚
642 2109 901 2164 petulantem
924 2107 1196 2163 cupiditatem
1214 2138 1224 2153 ,
1255 2106 1405 2160 volup—

47 2181 180 2217 tatum
201 2175 582 2234 intemperantiam.
609 2177 868 2219 Advertebat
889 2176 996 2217 inter
1027 2175 1269 2231 hujusmodi
1292 2175 1403 2215 viros

47 2243 226 2287 intutam
252 2247 391 2288 uxoris
414 2247 660 2304 pudicitiam
680 2247 790 2294 sore,
819 2245 981 2301 sibique
1005 2244 1195 2301 conjugis
1217 2243 1407 2301 pulchri-

48 2314 237 2357 tudinem
261 2316 447 2373 periculo
483 2317 666 2358 suturam
693 2332 701 2357 :
731 2316 894 2357 monuit
916 2331 1089 2356 uxorem
1105 2347 1116 2363 ,
1150 2323 1197 2356 ut
1220 2328 1407 2355 sororem

20 2414 24 2415 γ
48 2400 91 2426 50
108 2386 279 2429 diceret.
304 2388 399 2438 Quo
416 2390 594 2429 docetur
612 2404 695 2429 11011
719 2402 973 2444 magnopere
997 2389 1195 2428 decorem
1214 2384 1405 2441 conjugis

49 2458 323 2511 quaerendum
346 2490 357 2506 ‚
391 2459 460 2515 qui
496 2458 584 2500 viro
616 2473 766 2500 necem
797 2459 1045 2515 plerumque
1075 2456 1244 2514 gignere
1283 2456 1401 2496 solet.

99 2569 107 2582 ¹
140 2560 224 2596 Gen.
252 2575 316 2601 xn,
343 2565 372 2596 6.
402 2583 438 2590 -—
464 2576 476 2590 ²
510 2566 558 2598 Id.
587 2577 683 2604 uix,
716 2567 767 2597 15.
790 2583 830 2588 —-
856 2566 868 2587 3
899 2565 948 2596 ld.
979 2576 1052 2602 xiv,
1071 2576 1099 2605 7.
1125 2581 1163 2587 —-
1188 2566 1200 2589 ⁴
1219 2562 1302 2594 Ibid.
1317 2561 1348 2593 8.
1368 2579 1408 2585 —

51 2617 170 2651 ⁸1bid.
