1742 3233
493 287 781 315 nExAssMEnoN.
821 288 900 314 Lm.
940 288 993 314 w.
1338 275 1422 318 233

65 368 245 426 cogitur,
265 367 338 410 sed
359 375 597 424 spontaneae
619 366 833 424 proposito
850 365 1157 423 prospicientiae
1182 367 1320 408 sutura
1348 369 1424 410 ali-

64 446 303 480 mentorum
326 437 507 478 subsidia
526 437 604 478 sibi
621 436 842 494 praestruit.
877 435 1008 493 Cujus
1025 444 1072 478 ut
1091 436 1266 478 imiteris
1285 437 1422 479 indus-

58 508 183 550 triam
210 507 424 564 Scriptura
449 515 690 548 commonet
715 514 755 548 te
780 506 922 547 dicens
945 520 986 547 :«
1011 505 1167 548 Confer
1194 515 1233 548 te
1266 508 1316 547 ad
1338 506 1424 547 sor-

63 578 263 626 »1nicam‚
303 593 327 618 o
362 577 478 634 piger
499 610 509 626 ,
550 585 592 618 et
626 577 823 617 aemulare
864 575 949 616 vias
990 574 1081 632 ojus
1098 608 1109 624 ,
1148 584 1189 617 et
1227 584 1315 617 esto
1355 577 1422 618 illa

62 667 76 687 »
92 646 352 705 sapientior1.
376 665 391 686 »
411 648 484 688 Illa
506 647 619 688 enim
641 648 799 687 nullam
823 647 1032 686 culturam
1056 645 1257 703 possidet,
1286 661 1422 702 neque

63 732 160 760 eum
182 717 252 773 qui
275 733 317 758 se
340 726 460 774 cogat
481 717 657 764 habens,
673 731 810 773 neque
826 717 903 758 sub
923 716 1092 757 domino
1116 732 1257 774 agens,
1278 732 1422 773 quem·

61 788 286 829 admodum
320 795 526 843 praeparat
566 801 729 835 escam,
759 801 850 843 quae
888 787 938 827 de
974 786 1054 828 tuis
1086 786 1300 828 laboribus
1344 787 1422 828 sibi

58 871 235 897 messem
259 856 473 903 recondit;
499 864 541 897 et
572 871 669 897 cum
704 863 748 897 tu
773 857 1021 913 plerumque
1050 871 1194 913 egeas,
1230 857 1295 897 illa
1333 872 1418 897 non

61 924 229 981 indiget.
260 924 379 966 Nulla
405 933 501 965 sunt
523 925 560 965 ei
586 926 725 966 clausa
747 924 913 974 horrea,
937 927 1061 966 nullze
1082 926 1421 983 impenetrabiles

59 995 279 1042 custodiae,
305 995 408 1036 nulli
441 995 700 1037 inviolabiles
729 996 879 1042 acervi.
908 995 1078 1052 Spectat
1102 1003 1259 1043 custos,
1285 995 1410 1037 furtu

60 1079 139 1121 que
160 1064 383 1121 prohibere
412 1079 496 1105 non
521 1066 644 1105 audet
674 1079 683 1105 ε
715 1064 862 1121 aspicit
898 1079 970 1105 sua
993 1065 1145 1105 damna
1176 1079 1417 1121 possessor,

60 1149 136 1175 nee
154 1134 351 1175 vindicat.
369 1134 496 1191 Nigro
510 1141 784 1175 convectatur
802 1133 967 1190 agmine
983 1135 1122 1191 praeda
1138 1149 1216 1190 per
1229 1148 1416 1190 campos,

59 1203 214 1246 servent
252 1204 408 1246 semitae
441 1204 644 1246 comitatu
668 1203 871 1245 viantium
889 1236 899 1252 ,
922 1211 964 1244 et
987 1218 1079 1259 quae
1114 1203 1418 1260 comprehendi

60 1283 233 1331 angusto
265 1290 338 1316 ore
360 1289 445 1316 non
474 1282 671 1331 possunt,
695 1274 883 1315 humeris
907 1274 1078 1331 grandia
1103 1274 1312 1315 frumenta
1336 1282 1421 1315 tru-

59 1345 226 1385 duntur.
265 1343 436 1400 Spectat
473 1343 561 1385 haec
599 1342 794 1385 dominus
817 1343 987 1391 messis,
1022 1351 1063 1385 et
1100 1343 1309 1386 erubescit
1334 1352 1420 1386 tam

57 1427 182 1471 parca
199 1413 278 1470 piae
295 1412 510 1454 industriae
527 1428 680 1470 negare
699 1413 964 1471 compendia.

114 1482 246 1524 XVII.
287 1482 400 1533 Quid
424 1490 563 1523 autem
589 1483 640 1524 de
662 1482 838 1524 canibus
872 1484 1043 1539 loquar,
1074 1483 1226 1539 quibus
1248 1484 1420 1525 insitum

57 1561 119 1594 est
140 1560 287 1594 natura
320 1554 501 1609 quadam
524 1552 683 1594 referre
708 1553 909 1610 gratiam,
940 1560 981 1594 et
1005 1553 1201 1595 sollicitas
1223 1553 1420 1595 excubias

57 1637 131 1680 pro
160 1622 427 1664 dominorum
462 1625 594 1664 salute
614 1622 910 1680 prsetendere?
935 1624 1053 1665 Unde
1075 1625 1127 1665 ad
1150 1624 1419 1666 immemores

56 1692 267 1741 beneficii,
287 1701 328 1734 et
345 1692 509 1734 desides
532 1701 656 1749 atque
673 1693 843 1750 ignavos
865 1694 1017 1735 clamat
1034 1693 1250 1751 Scriptura
1277 1708 1286 1735 ε
1305 1712 1319 1731 «
1345 1693 1421 1735 Ca·

58 1778 160 1804 »nes
182 1763 310 1811 muti,
339 1762 571 1804 nescientes
591 1762 787 1805 latrare2.
813 1782 827 1802 »
849 1763 958 1806 Sunt
980 1779 1078 1821 ergo
1101 1779 1224 1806 canes
1247 1764 1317 1820 qui
1340 1779 1413 1805 no-

61 1832 194 1874 verint
216 1834 368 1874 latrare
393 1848 468 1890 pro
491 1833 693 1881 dominis,
721 1833 912 1875 noverint
941 1850 1012 1875 sua
1042 1843 1150 1876 tecta
1175 1834 1413 1877 defendere.

59 1902 176 1944 Unde
190 1910 231 1944 et
248 1911 293 1944 tu
311 1903 423 1944 disce
438 1917 585 1944 vocem
603 1911 720 1944 tuam
737 1918 933 1945 exercere
947 1920 1022 1962 pro
1043 1905 1226 1953 Christo,
1245 1907 1415 1962 quando

58 1972 162 2014 ovile
179 1973 377 2014 Ecclesiae
398 1972 614 2015 incursant
635 1973 721 2031 lupi
744 1989 901 2030 graves.
923 1974 1048 2016 Disce
1069 1975 1110 2016 in
1134 1990 1207 2016 ore
1236 1983 1308 2016 tuo
1329 1991 1417 2017 ver-

58 2041 158 2083 bum
182 2051 346 2091 tenere3
371 2058 422 2084 ne
449 2043 566 2099 quasi
594 2052 736 2085 mutus
769 2044 883 2086 canis
911 2045 1179 2086 commissam
1212 2045 1286 2086 tibi
1317 2043 1415 2086 fidei

59 2113 292 2155 custodiam
318 2115 502 2170 quodam
526 2114 879 2171 praevaricationis
901 2114 1066 2156 silentio
1093 2115 1324 2157 deseruisse
1355 2115 1419 2156 vi-

58 2183 204 2225 dearis.
231 2184 341 2225 Talis
375 2184 488 2226 canis
511 2185 644 2226 viator
665 2193 707 2227 et
729 2200 871 2227 comes
895 2184 1042 2242 Angeli
1074 2194 1162 2235 est,
1186 2202 1311 2242 quem
1333 2186 1416 2228 Ra-

57 2253 181 2310 phae'l
205 2253 245 2294 in
264 2253 371 2294 libro
394 2254 642 2311 prophetico
667 2270 752 2296 non
774 2255 904 2296 otiose
920 2254 997 2296 sibi
1019 2263 1061 2297 et
1082 2256 1224 2297 Tobiae
1245 2255 1329 2296 filio
1347 2256 1418 2296 ad·

58 2322 316 2381 jungendum
333 2324 508 2381 putavit,
523 2326 691 2381 quando
706 2325 889 2383 perrexit
899 2332 945 2365 ut
956 2323 1223 2366 Asmodaeum
1235 2325 1413 2381 fugaret,

60 2391 244 2435 firmaret
274 2396 469 2451 copulam
500 2395 804 2453 conjngalenff.
827 2415 842 2435 »
866 2396 1062 2439 Memoris
1093 2395 1204 2437 enim
1241 2394 1415 2436 affectus

59 2463 187 2520 gratia
208 2464 376 2521 pellitur
398 2465 668 2514 daemonium,
688 2466 897 2508 stabilitur
917 2465 1174 2522 conjugium.
1196 2464 1321 2506 Mutae
1336 2464 1418 2505 ita-

59 2546 140 2588 que
162 2533 300 2590 specie
321 2534 464 2576 bestia}
482 2544 650 2577 sanctus
670 2536 857 2593 Raphae‘l
875 2538 1045 2594 angelus
1066 2535 1208 2577 Tobiae
1229 2534 1412 2593 juvenis,

132 2623 226 2656 Prov.
246 2635 292 2666 vi,
307 2625 340 2658 6.
357 2645 395 2650 -
411 2634 423 2649 ²
445 2626 729 2665 1s21'1'.1„v1,1o.—
743 2629 757 2653 ³
775 2627 860 2661 Tob.
877 2639 925 2665 vi,
947 2639 971 2666 ι,
986 2633 1019 2661 et
1035 2639 1080 2668 xi,
1099 2638 1130 2671 9.
