1742 3233
379 362 430 389 DE
464 360 680 390 ranAnlso.
717 359 835 392 LIBER
868 361 982 391 UNL'S.
1282 363 1363 408 277

68 441 138 486 IV.
173 440 309 486 Locus
327 448 468 483 autem
485 441 592 494 ejus,
614 439 656 481 in
681 455 763 497 quo
781 449 843 482 est
858 441 1084 498 plantatus,
1099 441 1288 498 voluptas
1311 442 1370 483 ‹li-

14 513 134 556 citur.
175 512 293 554 unde
319 518 362 552 et
382 517 554 552 sanctus
576 509 709 552 David
731 510 787 551 ait
805 525 814 551 ε
833 528 847 548 α
863 510 923 552 Ex
942 518 1128 552 torrente
1144 511 1368 568 voluptatis

12 603 29 624 »
43 592 124 626 tuae
144 581 306 640 potabis
330 579 441 622 eos'.
464 580 647 637 »Legisti
664 581 777 622 enim
797 596 806 621 ε
833 581 944 632 Quia
958 581 1094 623 «Fons
1114 580 1305 638 procedit
1321 597 1372 623 ex

14 673 30 693 »
42 653 160 695 Eden
170 685 182 701 ,
196 651 382 709 quirigat
393 651 635 708 paradisum
645 650 675 693 ².
692 669 708 689 n
721 651 819 693 Haec
835 651 961 709 igitur
973 650 1226 694 Sanctorum
1242 652 1369 709 ligna,

15 738 106 780 quae
138 724 322 780 plantata
353 729 450 762 sunt
478 720 520 762 in
548 720 766 777 paradis0‚
808 721 925 777 quasi
954 720 1159 778 profluvio
1192 723 1375 779 quodam

17 792 211 835 torrentis
227 791 407 849 Spiritus
426 790 664 848 irrigantur.
683 782 745 832 D‘e
767 806 849 848 quo
872 792 998 846 etiam
1020 792 1117 834 alibi
1140 792 1194 833 ait
1215 807 1223 834 ε
1242 793 1376 835 «Flu-

16 882 33 903 »
47 862 171 904 minis
191 861 373 919 impetus
396 859 580 903 laetificat
608 860 819 903 civitatem
847 846 965 903 Deii‘.
985 861 1088 904 »Est
1110 870 1249 904 autem
1276 862 1379 903 civi-

20 942 80 975 tas
101 933 169 975 illa
192 947 283 989 quae
306 946 473 973 sursum
496 940 558 973 est
579 931 842 974 Hierusalem
861 932 993 975 libera
1007 965 1017 980 ,
1048 932 1090 973 in
1113 948 1195 989 qua
1216 932 1377 974 diversa

21 1002 271 1044 Sanctorum
296 1001 447 1043 merita
464 1003 738 1058 pullularunt.
1212 1003 1215 1006 ’

80 1071 127 1113 V.
166 1072 213 1112 In
240 1070 321 1112 hoc
338 1085 437 1127 ergo
463 1070 655 1127 paradiso
683 1062 899 1112 hominem
925 1071 1037 1113 Deus
1064 1071 1230 1129 posuit,
1254 1086 1380 1128 quom

23 1140 252 1199 plasmavit.
282 1139 471 1196 Intellige
490 1139 617 1181 etiam
634 1140 729 1196 quia
752 1155 837 1182 non
854 1156 952 1182 eum
968 1141 1183 1182 hominem
1197 1174 1207 1191 ,
1232 1141 1301 1198 qui
1324 1157 1383 1182 se-

26 1211 211 1252 cundum
229 1209 454 1266 imaginem
467 1209 544 1251 Dei
558 1217 640 1257 est,
659 1210 797 1267 posuit
808 1243 819 1259 ,
836 1212 909 1252 sed
921 1226 1017 1252 eum
1032 1243 1042 1259 ,
1062 1211 1131 1266 qui
1148 1212 1383 1252 secundum

28 1296 192 1338 corpus.
225 1280 505 1336 Incorporalis
527 1280 640 1321 enim
667 1280 709 1322 in
730 1281 823 1322 loco
846 1295 932 1322 non
961 1288 1034 1322 est.
1072 1280 1215 1322 Posuit
1243 1289 1385 1322 autem

28 1366 126 1393 eum
143 1351 185 1392 in
202 1350 392 1408 paradiso
411 1350 519 1392 sicut
537 1352 667 1393 solem
683 1351 725 1392 in
743 1352 848 1393 coelo
863 1384 874 1400 ,
900 1359 1192 1408 expectantem
1209 1366 1386 1409 regnum

30 1424 233 1465 coelorum
246 1454 256 1471 ,
286 1423 645 1479 quemadmodum
671 1430 863 1464 creatura
880 1430 1072 1480 expectat
1087 1423 1388 1466 revelationem

30 1491 216 1534 filiorum
231 1491 322 1534 Dei.

89 1560 157 1604 VI.
186 1561 294 1618 Ergo
308 1560 340 1602 si
353 1562 570 1620 paradisus
589 1570 667 1611 est,
684 1561 726 1603 in
744 1577 827 1618 quo
845 1570 963 1604 erant
976 1562 1318 1619 exortavirgulta‚
1335 1561 1390 1603 vi-

36 1633 157 1674 detur
167 1626 381 1689 paradisus
391 1632 527 1674 anima
536 1648 624 1674 esse
634 1648 725 1689 quae
735 1632 985 1690 multiplicat
997 1648 1139 1675 semen
1151 1639 1390 1689 acceptum,

36 1702 78 1744 in
99 1718 180 1759 qua
204 1702 334 1744 virtus
354 1718 613 1759 unaquaeque
635 1705 864 1760 plantatur,
889 1703 931 1744 in
955 1718 1035 1759 qua
1058 1711 1147 1744 erat
1168 1703 1294 1744 etiam
1318 1702 1393 1759 lig-

38 1788 140 1815 uum
166 1773 281 1821 vitae,
307 1772 390 1815 hoc
410 1782 488 1822 est,
519 1773 741 1831 sapientia,
767 1774 875 1815 sicut
907 1772 1009 1815 dixit
1045 1773 1244 1815 Salomon
1265 1772 1354 1829 (23)
1381 1787 1390 1813 :

40 1843 134 1900 quia
157 1843 359 1901 sapientia
382 1859 467 1885 non
489 1845 539 1885 de
562 1853 672 1885 terra
697 1852 840 1886 exorta
862 1852 947 1892 est,
968 1844 1039 1885 sed
1058 1845 1109 1885 do
1129 1841 1294 1885 Patre&
1322 1842 1396 1883 Est

41 1913 153 1954 enim
185 1915 381 1971 splendor
412 1914 517 1956 lucis
559 1922 724 1957 aeternae
739 1947 750 1963 ‚
783 1922 825 1956 et
856 1913 1064 1956 emanatio
1098 1912 1397 1972 omnipotentis

0 1991 2 2015 Ρ
44 1982 195 2040 gloriae.

0 2061 4 2079 ›
92 2095 100 2108 ¹
123 2085 208 2119 Psal.
228 2097 331 2126 xxxv,
346 2098 376 2131 9.
395 2105 434 2111 —
453 2097 466 2111 2
484 2088 572 2119 Gen.
592 2097 630 2126 ιι,
652 2097 698 2119 ιο.
717 2105 757 2111 -—
775 2088 790 2110 ³
807 2086 890 2120 Psal.
908 2097 982 2123 λιν,
1001 2087 1029 2118 5.
1046 2104 1086 2110 --
1102 2090 1112 2113 4
1131 2085 1204 2132 Sap
1224 2097 1283 2125 vu,
1304 2086 1380 2119 ΗΞ,
