1742 3233
273 306 275 308 -
309 277 393 329 542
852 286 882 314 s.
922 284 1111 315 mansu

307 368 467 413 cabulis
488 365 646 424 patrius
661 358 913 411 affectus‚‘et
928 362 1127 404 Euntibus
1148 360 1400 417 quibusdam
1419 360 1518 402 hinc
1536 369 1663 417 atque

306 439 403 481 inde
424 437 625 479 tunditur.
654 433 783 476 Filius
803 441 1109 489 vocat-patrem
1131 447 1139 472 :
1167 439 1286 488 pater
1310 431 1426 479 dicit,
1442 431 1570 480 «Fili3
1586 439 1665 473 »ut

307 509 396 567 ipso
418 508 646 551 verborum
669 519 835 547 sonose
857 510 1131 560 recognoscat
1151 510 1270 559 pater
1291 517 1300 543 t
1327 517 1453 558 quam
1476 501 1665 559 impossi-

309 578 395 620 bile
413 586 475 620 est
495 585 543 618 ut
563 576 687 617 ferire
709 574 853 631 possit,
877 573 997 629 cujus
1014 588 1056 614 se
1074 572 1236 613 vulneri
1252 571 1464 627 subjicere
1480 579 1658 628 optaret.

307 647 406 689 Haec
425 645 595 688 nomina
611 644 704 686 vitae
722 644 857 692 sol-ent
878 642 1256 699 operari-gratiam,
1282 656 1365 682 non
1386 641 1667 682 ministerium

309 717 423 757 necis
444 731 452 756 :
478 716 568 756 haee
583 713 786 755 vocabula
803 711 977 755 incitare
1001 712 1052 753 ad
1074 711 1289 768 pietatem,
1314 726 1399 752 non
1417 712 1469 753 ad
1485 719 1667 752 mortem

314 786 461 827 solent.

370 850 563 894 LXXIV.
601 849 774 891 Addidit
786 850 899 891 Isaac
918 843 1060 891 dicens
1080 864 1089 890 :
1108 868 1123 887 «
1137 850 1248 891 Ecce
1266 850 1394 906 ligna,
1414 850 1483 891 uhi
1507 858 1568 891 est
1583 849 1672 891 ovis

315 942 330 963 »
346 923 387 964 in
409 919 725 964 holocaustum¹
745 921 762 962 Ρ
780 939 794 958 »
809 920 859 960 Et
880 920 947 962 hic
971 920 1195 977 prophetat
1212 935 1420 969 sermone,
1439 936 1523 962 non
1541 920 1674 961 scien-

315 993 383 1035 tia.
408 992 506 1034 Ovis
524 992 635 1032 enim
655 1006 677 1032 a
693 990 875 1032 Domino
893 991 944 1030 ad
961 989 1217 1032 sacrificium
1233 991 1472 1047 parabatur.
1489 991 1676 1047 Respon-

315 1063 375 1104 dit
405 1056 586 1117 denique
614 1060 804 1102 similiter
827 1068 868 1100 et
891 1058 1104 1100 Abraham
1126 1074 1135 1099 :
1154 1077 1169 1096 α
1193 1060 1305 1101 Deus
1328 1059 1566 1116 providebit
1595 1058 1675 1101 sibi

320 1146 471 1172 »ovem
490 1132 541 1172 ad
561 1131 872 1176 holocaustum,
902 1127 997 1169 fili2.
1020 1127 1292 1169 »Inssexibilis
1325 1144 1346 1169 a
1375 1130 1513 1170 studio
1546 1131 1677 1171 devo-

318 1200 443 1241 tionis
460 1199 648 1240 minister
664 1213 812 1240 vocare
831 1197 961 1238 filium
981 1196 1221 1252 frequenter
1243 1213 1326 1239 non
1348 1199 1493 1247 timet3
1514 1199 1570 1240 ita
1587 1205 1679 1240 erat

319 1268 560 1311 intentionis
582 1268 786 1309 soliditate
806 1267 1005 1308 fundatus
1022 1281 1029 1307 :
1051 1275 1093 1308 et
1110 1267 1191 1307 hoc
1217 1283 1258 1308 se
1276 1267 1495 1309 meliorem
1511 1276 1678 1324 patrem

319 1339 509 1395 putabat,
533 1338 615 1380 hoc
638 1338 715 1379 sibi
738 1338 779 1378 in
802 1351 985 1394 perenne
1012 1351 1259 1378 mansurum
1284 1336 1503 1392 judicabat
1525 1336 1677 1387 filium,

320 1408 352 1449 si
373 1424 471 1450 eum
491 1408 726 1450 immolaret
742 1408 842 1449 Deo.
867 1406 958 1448 Nou
976 1407 1112 1447 solum
1130 1414 1273 1448 autem
1291 1407 1371 1449 hoc
1393 1407 1677 1465 prophetavit,

323 1479 436 1533 quod
456 1478 595 1519 statim
618 1477 784 1526 accidit,
811 1477 907 1533 quia
926 1477 1039 1518 Deus
1060 1477 1241 1533 providit
1263 1477 1339 1518 sibi
1360 1493 1434 1534 pro
1452 1479 1570 1519 Isaac
1586 1477 1680 1520 hos-

326 1549 440 1597 tiam,
473 1557 515 1590 et
543 1548 725 1590 reddidit
746 1548 854 1604 patri
877 1546 1038 1588 filium:
1064 1563 1208 1589 verum
1244 1549 1348 1591 illud
1381 1550 1536 1607 magis,
1567 1549 1682 1605 quod

324 1633 409 1659 non
440 1618 530 1659 haee
552 1618 686 1660 hostia
712 1617 859 1658 diviuae
885 1625 993 1659 esset
1026 1618 1304 1674 dispositionis
1332 1635 1342 1660 :
1374 1621 1447 1661 sed
1474 1619 1550 1661 alia
1574 1625 1685 1660 esset

319 1688 455 1729 hostia
477 1694 602 1744 quam
619 1688 732 1729 Deus
752 1687 829 1729 sihi
850 1695 1032 1745 pararet,
1059 1695 1105 1729 ut
1126 1689 1350 1729 mundaret
1375 1690 1521 1730 orbem
1546 1697 1684 1730 terra-

324 1774 447 1799 rum:
475 1759 543 1800 illa
570 1766 678 1800 esset
707 1759 904 1800 omnihus
932 1757 1160 1814 acceptior,
1196 1766 1369 1815 propter
1402 1774 1528 1815 quam
1560 1758 1684 1800 multi

323 1835 461 1885 patres
497 1827 696 1869 offerrent
730 1827 836 1869 filios
870 1843 980 1876 suos,
1018 1836 1059 1868 ct
1090 1828 1273 1884 separari
1308 1828 1350 1869 in
1380 1829 1462 1870 hoc
1487 1831 1640 1871 saeculo
1662 1844 1699 1870 a-

328 1896 420 1939 filiis
443 1913 527 1939 non
547 1898 755 1939 timerent.
782 1898 981 1949 Quotidie
1003 1896 1184 1939 offerunt
1206 1907 1346 1955 patres
1371 1898 1479 1941 filios
1503 1915 1615 1948 suos,
1637 1907 1689 1942 ut

328 1969 562 2010 moriantur
578 1968 620 2009 in
640 1968 824 2017 Christo,
843 1977 885 2010 et
901 1967 1240 2025 consepeliantur
1257 1969 1299 2010 iu
1314 1970 1508 2011 Domino.
1528 1969 1689 2020 Quanti

328 2047 480 2096 patres,
513 2038 661 2080 occisis
691 2039 892 2095 martyrio
923 2037 1033 2085 filiis,
1068 2039 1248 2081 laetiores
1273 2040 1324 2081 ab
1348 2055 1498 2081 eorum
1520 2041 1693 2082 tumulo

332 2117 600 2169 reverterunt
613 2109 622 2149 ἔ

387 2177 560 2221 LXXV.
597 2177 721 2221 Venit
752 2178 966 2220 Abraham
999 2180 1052 2221 ad
1071 2180 1213 2220 locum
1241 2170 1447 2221 sacrificio
1471 2178 1695 2237 praedesti·

328 2257 495 2296 natum3
513 2248 588 2289 «Et
603 2246 823 2290 {edificavit
837 2248 895 2289 ibi
908 2263 1039 2296 aram,
1053 2256 1095 2290 et
1108 2248 1309 2306 imposuit
1322 2248 1473 2306 ligna³.
1489 2268 1504 2287 »
1519 2249 1690 2300 Quanta

330 2319 546 2361 molimina
580 2317 852 2367 immolaturi,
889 2334 954 2362 ne,
973 2327 1117 2376 raptus
1150 2320 1290 2361 subito
1311 2322 1363 2361 ad
1384 2319 1702 2360 immolandum?

330 2389 631 2432 aestimaretur?
647 2408 661 2427 α
677 2390 729 2430 Et
753 2389 955 2446 colligatis
979 2389 1175 2431 manibus
1200 2405 1247 2432 ac
1272 2390 1450 2447 pedibus
1471 2391 1588 2431 Isaac
1616 2387 1705 2430 filii-

334 2480 348 2501 »
361 2461 441 2510 sui,
463 2460 660 2518 imposuit
679 2474 777 2502 oum
799 2459 841 2500 in
864 2474 977 2501 aram
994 2474 1120 2516 super
1134 2459 1289 2516 Egna⁶.
1310 2459 1483 2503 »Nectit
1505 2459 1590 2502 filio
1607 2472 1693 2500 ma-

376 2581 389 2604 .¹
411 2572 490 2604 Gen.
510 2581 600 2612 xxn,
616 2582 649 2614 7.
668 2588 708 2594 -
730 2579 742 2594 2
762 2567 850 2602 Ibid.
873 2567 905 2600 8.
925 2586 966 2592 —
987 2567 1104 2601 ³1hid.
1124 2579 1155 2611 9.
1173 2586 1211 2592 —
1233 2570 1246 2597 4
1263 2567 1349 2600 Ibid.
