1742 3233
315 255 400 308 234
860 274 890 301 s.
931 275 1122 303 annosa

314 363 440 404 quem
462 349 667 390 tuendum
690 359 923 407 receperat,
943 355 994 394 ad
1015 353 1265 394 relationem
1288 355 1429 410 gratiae
1449 356 1670 400 erudiebat

316 416 527 460 affectum.
561 418 666 469 Quis
688 419 800 461 enim
832 434 918 462 non
948 423 1172 464 erubescat
1203 424 1378 480 gratiam
1409 425 1523 466 bene
1546 427 1599 467 de
1626 441 1670 468 se

315 488 574 530 merentibus
596 503 681 530 non
703 489 874 538 referre,
895 506 992 532 cum
1014 492 1153 533 videat
1168 492 1293 533 etiam
1312 493 1464 536 bestias
1482 493 1670 552 refugere

316 557 475 599 crimen
499 558 741 615 ingratiPEt
764 560 842 601 illae
861 561 1081 619 impertitas
1105 561 1310 603 alimoniae
1326 572 1492 605 servant
1513 578 1671 606 memo-

315 627 443 676 riam,
467 636 512 669 tu
534 643 619 670 non
643 645 778 671 servas
802 632 944 672 salutis
966 632 1174 688 acceptae?

372 697 527 739 XVIII.
567 699 669 739 [rsa
693 699 891 741 insidians
914 701 1036 749 licet,
1061 710 1108 743 ut
1129 701 1343 758 Scriptura
1368 703 1444 751 ait,
1474 711 1537 744 est
1558 702 1673 745 enim.

313 767 436 822 plena
468 767 624 809 fraudis
656 767 763 810 sera¹
784 787 794 818 3
813 778 970 812 'tamen
1000 771 1131 812 fertur
1160 772 1357 813 informes
1388 781 1506 814 utero
1528 781 1670 829 partus

317 836 463 884 edere,
496 838 567 878 sed
589 846 708 879 natos
731 838 871 895 lingua
896 838 1052 896 fingere
1068 872 1078 888 ,
1109 848 1233 895 atque
1261 841 1300 880 in
1325 841 1506 897 speciem
1533 841 1595 882 sui
1616 842 1673 883 si-

314 904 682 962 militudinemque
704 907 896 949 formare.
935 909 1026 950 lN'on
1050 909 1212 950 miraris
1235 910 1277 950 in
1299 909 1382 952 fera
1407 918 1491 952 tam
1511 910 1566 967 pii
1590 911 1671 952 oris

317 973 467 1023 officia,
489 975 609 1032 cujus
628 985 821 1019 naturam
845 979 975 1034 pietas
1006 978 1228 1034 exprimit?
1254 980 1355 1019 Lfrsa
1379 979 1505 1035 igitur
1527 987 1676 1036 partusv

317 1059 414 1085 suos
435 1047 487 1086 ad
510 1046 571 1087 sui
589 1046 747 1104 effingit
770 1048 1109 1097 similitudinem,
1135 1056 1181 1090 tu
1203 1047 1309 1089 filios
1334 1057 1428 1090 tuos
1454 1048 1672 1091 instituere

316 1113 470 1156 similes
493 1116 550 1156 tui
576 1131 661 1158 non
683 1117 828 1175 potes?

370 1185 489 1227 XIX.
530 1187 643 1238 Quid
667 1190 779 1244 quod
809 1189 934 1229 etiam
961 1189 1158 1231 medendi
1185 1189 1433 1231 industriam
1459 1203 1542 1230 non
1565 1204 1672 1246 prae-

319 1255 523 1296 termisit?
544 1256 760 1312 Siquidem
782 1259 894 1314 gravi
915 1258 1060 1300 affecta
1084 1261 1212 1307 caede,
1237 1268 1278 1300 et
1297 1256 1563 1301 consauciata
1586 1260 1675 1300 vul-

314 1324 485 1365 neribus
507 1327 666 1367 mcderi
689 1327 765 1368 sibi
789 1328 903 1369 novit
919 1329 1060 1370 herbae
1077 1329 1145 1369 cui
1162 1344 1317 1370 nomen
1331 1337 1393 1370 est
1413 1332 1539 1381 φὶομος
1556 1327 1668 1386 (17),

318 1400 365 1433 ut
383 1392 518 1435 Graeci
538 1397 764 1451 appellant,
783 1399 924 1438 ulcera
943 1398 1169 1454 subjiciens
1186 1414 1258 1439 sua
1270 1415 1280 1446 3
1302 1406 1349 1440 ut
1365 1399 1452 1440 solo
1472 1405 1674 1439 curentur

320 1471 490 1506 attactu.
519 1465 699 1523 Serpens
718 1482 884 1524 quoque
905 1468 1028 1525 pa‘stu
1050 1469 1236 1510 soeniculi
1259 1469 1490 1511 caecitatem
1512 1468 1674 1526 repellit

319 1543 550 1591 exceptam.
574 1536 717 1593 Itaque
741 1538 813 1579 uhi
838 1540 982 1580 oculos
1001 1539 1156 1580 obduci
1175 1539 1252 1580 sibi
1273 1539 1464 1587 senserit,
1488 1546 1585 1580 nota
1608 1553 1675 1579 re-

317 1604 455 1645 media
471 1605 591 1661 petit,
606 1621 685 1647 nec
703 1606 919 1648 fraudatur
935 1608 1103 1650 effectu.
1121 1609 1303 1651 Testudo
1315 1608 1543 1651 visceribus
1558 1615 1675 1664 pasta

319 1674 543 1730 serpentis,
571 1690 669 1717 cum
694 1691 904 1719 venenum
932 1679 1155 1721 adverterit
1179 1679 1262 1721 sibi
1285 1694 1476 1736 serpere,
1505 1677 1675 1734 origano

317 1745 573 1788 medicinam
597 1763 681 1790 suae
698 1749 840 1791 salutis
862 1758 1029 1791 exercet
1049 1766 1058 1791 ε
1084 1758 1126 1792 et
1157 1765 1252 1791 cum
1280 1750 1332 1791 sit
1351 1749 1579 1791 volutabris
1601 1763 1676 1806 pa-

319 1815 520 1858 lustribus
543 1832 700 1867 mersa,
726 1835 874 1862 curare
896 1836 938 1862 se
966 1829 1107 1862 tamen
1130 1821 1300 1878 proprio
1325 1819 1441 1861 novit
1467 1820 1672 1868 antidoto,

320 1893 518 1942 certoque
549 1888 700 1930 auxilio
722 1890 907 1932 sanitatis
937 1899 1164 1948 potestates
1190 1891 1418 1933 herbarum
1440 1891 1567 1932 etiam
1590 1889 1677 1947 ipsa

320 1955 427 1998 scire
446 1972 487 1997 se
510 1959 772 2016 comprobat.
796 1959 945 2003 Videas
966 1961 1097 2002 etiam·
1109 1961 1277 2017 vulpem
1299 1961 1532 2017 lacrymula
1554 1959 1682 2016 pinus

317 2028 560 2077 medentem
585 2029 661 2071 sibi
677 2061 687 2078 ,
721 2038 763 2072 et
785 2030 855 2072 tali
877 2030 1064 2072 remedio
1087 2029 1343 2073 imminentis
1371 2030 1516 2072 mortis
1545 2028 1679 2086 spatia?

319 2097 615 2154 proferentem.

1724 312 1734 648 ι

1734 1345 1740 1596 ἱ

1736 1597 1742 1860 ἱ

329 2204 333 2206 .
378 2167 475 2210 XX„
515 2169 676 2212 Clamat
697 2170 784 2228 ipse
803 2171 1010 2213 Dominus
1032 2172 1073 2213 in
1094 2171 1314 2214 Hieremiae
1336 2171 1470 2213 libro:
1489 2187 1504 2209 α
1521 2170 1680 2215 Turtur.

322 2247 394 2281 »et
415 2239 613 2290 hirundo,
640 2242 725 2300 agri
746 2257 935 2300 passeres
956 2243 1247 2285 custodierunt
1270 2252 1457 2301 tempora
1482 2240 1683 2283 introitus

321 2327 338 2357 >2
353 2309 440 2351 sui:
459 2313 639 2368 populus
656 2321 795 2354 autem
813 2328 934 2355 meus
948 2329 1034 2355 non
1055 2314 1251 2371 cognovit
1265 2313 1423 2370 judicia
1439 2309 1666 2354 Dominiffi»

322 2377 446 2421 Novit
474 2380 657 2424 hirundo
681 2385 862 2440 quando·
881 2384 1054 2432 veniat,.
1075 2386 1242 2441 quando
1271 2384 1407 2426 etiam
1424 2388 1679 2424 revertatur.-
1741 2401 1742 2445 j

322 2449 446 2494 Novit
467 2452 602 2495 etiam·
615 2453 704 2513 (18)
732 2455 1173 2513 piaawisannuntiare
1189 2456 1397 2498 adventus
1408 2452 1681 2497 mistestimoa

317 2518 387 2572 nio
408 2522 514 2565 veris
537 2523 758 2568 indicium
779 2524 910 2569 Novit³
925 2525 1056 2569 etiam
1072 2524 1258 2569 formica·
1273 2527 1503 2585 explorare
1516 2520 1684 2569 somni*

366 2619 378 2636 ¹
396 2612 520 2649 Thren.
537 2626 588 2654 ιιι,
607 2627 655 2657 lo.
675 2631 716 2644 -·-
732 2618 889 2655 ¹¹Jerem.
906 2628 982 2658 vm,
997 2630 1031 2663 γ.
