1747 3260
349 272 429 320 140
900 287 929 313 s.
971 285 1159 314 annnosn

346 364 484 406 adhuc
522 363 676 420 aliquid
711 364 983 420 reliquiarum
1018 364 1121 412 diei,
1163 365 1297 404 donec
1331 363 1515 404 tenebrae
1550 350 1735 406 terram·

345 434 535 491 operiant
557 449 567 474 ε
596 442 637 474 et
658 441 759 475 tunc
783 435 881 476 luna
903 434 1060 481 oritur,
1087 441 1128 474 et
1151 434 1292 474 stellae.
1320 432 1371 473 Et
1395 434 1445 474 de
1467 441 1592 474 nocte
1610 434 1704 490 qui·
1731 441 1734 447 '

345 494 440 534 dem
459 501 598 550 aperte
614 493 760 548 liquet,
779 493 874 549 quia
889 494 997 534 lunae
1017 501 1054 533 et
1075 494 1289 533 stellarum
1307 491 1554 533 illuminatio
1568 493 1704 534 noctis
1733 491 1735 494 ¹

346 563 474 620 spatia
496 571 712 605 testantur.
740 563 956 619 Siquidem
981 578 1056 620 per
1077 562 1186 603 diem
1210 562 1416 618 fulgorem
1437 561 1555 603 illum
1578 564 1700 604 luna-
1732 543 1736 594 i

344 648 433 674 rem
449 666 460 682 ,
489 635 784 689 stellarumque
807 633 994 674 omnium
1019 634 1078 673 sol
1102 640 1272 673 exortus
1292 630 1520 672 abscondit.
1548 631 1609 672 De
1634 631 1705 673 die
1732 629 1735 645 ⁴

345 710 485 743 autem
507 704 572 743 vel
595 703 681 759 ipsa
697 703 792 744 solis
814 703 1029 759 flagrantia
1054 704 1207 743 docere
1231 716 1307 742 nos
1335 709 1472 758 potest
1495 700 1701 742 diversam

343 771 480 814 diurni
496 771 664 813 luminis
686 779 727 812 et
751 772 846 813 solis
863 787 951 813 esse
969 780 1178 819 naturam,
1198 779 1238 812 et
1257 770 1388 827 ipsam
1409 785 1498 811 esse
1520 769 1702 826 speciem

1732 783 1738 821 ξ

346 841 609 883 discolorem.
633 840 818 898 Simplex
842 849 903 882 est
927 841 1038 882 enim
1056 840 1160 882 lucis
1173 840 1347 896 species,
1373 848 1419 881 ut
1434 841 1579 882 lumen
1601 853 1702 895 prae-
1733 834 1737 855 ²

345 910 457 952 beat.
475 909 636 952 Atvero
652 911 805 951 solnon
830 911 965 951 solum
975 909 1173 951 virtutem
1189 908 1450 951 illuminandi
1467 909 1615 956 habet,
1630 909 1703 950 sed
1733 906 1738 971 ³

347 980 472 1021 etiam
492 980 742 1038 vaporandi3
763 980 906 1037 igneus
924 988 985 1021 est
1001 980 1125 1021 enim.
1149 980 1258 1036 Ignis
1279 988 1418 1021 autem
1436 987 1476 1020 et
1494 978 1702 1020 illuminat
1733 979 1738 1021 3

351 1058 392 1092 et
416 1051 562 1092 exurit.
592 1051 709 1092 Unde
730 1050 936 1092 Dominus
958 1051 1100 1091 volens
1118 1049 1249 1106 Moysi
1271 1050 1491 1091 ostendere
1509 1064 1593 1091 suae
1610 1063 1705 1106 ope·
1734 1045 1738 1083 ἕ

347 1120 519 1161 rationis
542 1119 816 1168 miraculum,
852 1135 935 1176 quo
967 1120 1154 1176 Moysen]
1180 1120 1232 1161 ad
1259 1119 1483 1161 obediendi
1517 1119 1702 1160 studium
1734 1109 1737 1154 ἓ

346 1199 619 1247 provocaret,
645 1197 767 1246 atque
792 1191 840 1231 ad
861 1188 986 1231 sidem
1004 1189 1282 1230 inflammaret
1300 1188 1390 1245 ejus
1414 1188 1609 1230 affectum
1625 1220 1636 1237 ‚
1661 1188 1703 1230 in
1734 1193 1738 1232 ἐ

344 1259 438 1317 igne
459 1260 566 1302 visus
587 1268 648 1301 est
671 1260 713 1301 in
735 1260 841 1301 rubo
855 1293 865 1308 ‚
889 1268 931 1301 et
954 1260 1084 1301 rubus
1106 1273 1190 1300 non
1210 1259 1465 1301 exurebatur
1480 1291 1490 1306 ,
1521 1259 1593 1300 sed
1610 1266 1705 1300 tan-

329 1337 435 1371 ·tum
462 1331 680 1387 splendere
700 1329 804 1386 ignis
824 1329 963 1387 specie
986 1329 1217 1371 videbatur.
1251 1329 1442 1371 Alterum
1467 1329 1592 1386 igitur
1607 1344 1705 1370 mu-

345 1415 423 1441 nus
442 1399 545 1457 ignis
573 1401 769 1450 vacabat,
791 1401 969 1442 alterum
987 1400 1251 1458 operabatur.
1275 1399 1461 1441 Vacabat
1478 1399 1703 1441 exustionis

343 1470 403 1511 vis
417 1503 427 1518 ,
452 1471 704 1528 operabatur
721 1471 1047 1512 illuminationis.
1072 1471 1170 1512 Ideo
1190 1470 1384 1527 stupebat
1403 1470 1564 1527 Moyses
1580 1503 1590 1519 ,
1607 1468 1703 1526 quia

347 1548 493 1582 contra
510 1549 703 1582 naturam
722 1556 840 1583 suam
863 1541 965 1598 ignis
984 1557 1067 1582 non
1081 1541 1279 1582 exurebat
1298 1540 1468 1588 rubum,
1486 1539 1556 1596 qui
1578 1538 1703 1580 etiam

344 1610 702 1653 vehementiorem
724 1613 943 1654 materiem
974 1612 1190 1653 consuevit
1215 1626 1402 1653 exurere.
1432 1609 1513 1652 Sed
1535 1608 1703 1651 Domini

346 1680 450 1738 ignis
473 1681 708 1723 illuminare
731 1684 849 1730 solet,
876 1697 1049 1723 exurere
1073 1697 1157 1722 non
1185 1682 1302 1723 solet.

407 1763 462 1805 X.
505 1762 555 1805 At
578 1762 683 1804 sorte
707 1763 820 1804 dicas
840 1779 849 1804 ε
872 1763 1096 1815 Quomodo
1121 1762 1324 1819 scriptum
1346 1769 1429 1809 est,
1468 1779 1482 1798 «
1504 1760 1590 1818 Ego
1613 1774 1704 1801 sum

351 1850 368 1872 »
384 1832 488 1890 ignis
514 1848 766 1874 consumens
789 1833 800 1854 ¹
825 1833 844 1875 P
867 1852 882 1873 υ
917 1834 1031 1875 Beue
1062 1832 1325 1874 admonuisti.
1362 1832 1453 1874 Non
1477 1833 1582 1873 solet
1602 1846 1706 1872 con-

349 1918 514 1945 sumere
531 1936 541 1951 ,
566 1903 643 1944 nisi
668 1905 752 1945 sola
775 1911 960 1961 peccata.
992 1905 1037 1944 In
1063 1904 1408 1945 retributionibus
1431 1918 1597 1959 quoque
1614 1917 1705 1945 me-

351 1972 530 2014 ritorum
550 1973 783 2030 colligimus
801 1973 927 2014 dividi
947 1973 1050 2030 ignis
1068 1981 1258 2014 naturam
1276 1990 1286 2021 3
1305 1981 1351 2014 ut
1370 1974 1467 2015 alios
1482 1972 1739 2030 illuminets}

350 2044 452 2085 alios
473 2051 634 2092 exurat,
666 2043 1037 2100 illuminetjustos,
1064 2052 1211 2085 exurat
1234 2043 1392 2101 impios.
1422 2043 1513 2086 Non
1537 2045 1706 2085 eosdem
1735 2058 1738 2087 i

347 2129 452 2170 quos
469 2113 693 2162 illuminat,
719 2113 882 2162 exurit3
903 2122 944 2155 et
959 2129 1062 2170 quos
1083 2114 1243 2161 exurit,
1267 2113 1473 2155 illuminat
1491 2129 1498 2154 :
1520 2114 1592 2155 sed
1609 2113 1705 2155 illu-

345 2183 519 2226 minatio
549 2184 640 2240 ejus
672 2184 998 2241 inextinguibilis
1025 2192 1086 2226 est
1120 2186 1170 2225 ad
1201 2184 1536 2241 perfunctionem
1568 2184 1705 2226 bono-
1735 2194 1739 2235 '3

348 2269 444 2298 rum
472 2254 510 2311 (1
525 2257 562 2313 1)
584 2289 594 2305 ‚
621 2255 780 2297 exustio
799 2255 1023 2297 vehemens
1047 2255 1095 2297 ad
1121 2255 1368 2313 supplicium
1387 2262 1669 2312 peccatorum.

406 2325 484 2367 XI.
522 2326 605 2369 Sed
642 2334 900 2368 revertamur
938 2327 989 2368 ad
1025 2325 1320 2367 discretionem
1357 2324 1437 2366 diei
1469 2340 1517 2366 ac
1552 2324 1697 2366 noetis.

348 2395 521 2438 Oriente
540 2396 621 2440 diei
644 2396 801 2439 lumine
816 2411 899 2438 nox
921 2395 1101 2453 sugatur,
1129 2397 1359 2437 decedente
1382 2394 1447 2436 die
1471 2409 1550 2435 nox
1570 2393 1702 2435 insun-

351 2464 475 2507 ditur.
505 2466 597 2509 Non
616 2475 676 2509 est
697 2467 809 2509 enim
826 2467 909 2509 luci
933 2466 1108 2508 societas
1130 2468 1213 2508 ulla
1239 2481 1334 2507 cum
1354 2465 1560 2512 tenebris;
1580 2463 1702 2521 siqui-

340 2537 444 2579 'd'em
476 2538 654 2580 naturali
682 2540 771 2596 lege
802 2537 882 2580 hoc
910 2536 1112 2579 Dominus
1136 2537 1177 2578 in
1201 2537 1333 2594 prima
1358 2535 1599 2594 operatione
1629 2547 1703 2576 sua

395 2638 402 2652 ¹
422 2630 521 2664 Deut.
540 2641 582 2668 iv,
602 2631 652 2670 24.
