1747 3260
454 292 740 321 HEx.tmrERON.
779 295 857 322 Lm.
896 296 940 323 11.
1325 286 1377 329 81

27 371 170 414 dinem
202 372 461 430 singulorum
494 379 710 413 venustate
739 371 1030 430 compositam.
1068 373 1141 415 Illa
1171 383 1234 417 est
1267 376 1383 418 enim

25 453 61 485 v·
79 458 122 484 ra
139 442 410 500 pulchritudo
422 474 432 490 ,
453 450 494 483 ct
511 441 550 483 in
571 442 741 500 singulis
753 443 953 484 membris
971 458 1061 485 esse
1078 445 1192 500 quod
1210 446 1379 494 deceat,

24 521 68 555 et
89 512 131 554 in
152 520 240 554 toto
253 530 264 562 3
289 521 336 554 ut
358 513 397 554 in
422 512 592 569 siugulis
612 512 742 570 gratia
756 544 766 561 ‚
788 513 828 554 in
849 513 1042 556 omnibus
1064 512 1209 556 sormae
1234 529 1386 557 conve-

25 583 178 627 nientis
194 583 410 641 plenitudo
430 584 635 625 laudetur.

84 655 223 699 XXII.
262 653 344 695 Sed
370 653 455 709 jam
488 652 614 694 etiam
637 654 845 695 secundus
868 653 988 696 nobis
1020 655 1241 698 claudatur
1273 656 1382 706 dies,

26 741 97 776 ne,
115 726 216 768 dum
232 740 335 782 opus
360 723 583 765 astruimus
612 722 866 766 firmamenti
882 756 892 772 ,
918 722 1167 767 infirmiores
1194 740 1289 775 cos,
1315 725 1387 783 qui

27 797 228 845 audiunt,
264 796 428 838 (licendi
467 795 702 853 prolixitate
736 795 958 845 saciamus3
1001 797 1102 839 dum
1136 797 1177 838 in
1214 805 1384 840 noctem

27 882 164 911 sermo
187 866 450 925 producitur,
477 881 568 923 quae
600 866 737 909 adhuc
761 882 906 909 careus
929 869 1060 917 lunae,
1086 869 1386 925 stellarumque

25 939 212 988 lumine,
238 924 428 980 nonduin
450 938 561 979 enim
580 938 802 980 luminaria
827 947 965 980 creata
988 947 1084 981 sunt
1103 939 1219 987 coeli,
1239 939 1389 980 obscu-

27 1009 196 1051 ritatem
218 1008 348 1065 possit
372 1007 519 1049 afferre
540 1007 824 1057 remeantibus
850 1023 859 1049 ε
888 1008 1012 1051 simul
1039 1017 1084 1050 ut
1114 1009 1232 1057 cibo,
1259 1016 1388 1066 potu—-

28 1093 110 1136 que
135 1086 336 1120 curentur
357 1093 531 1135 corpora
547 1111 557 1126 ,
588 1093 665 1127 ne,
700 1079 847 1120 animis
877 1079 1164 1137 epulantibus,
1190 1078 1390 1138 fragilitas

30 1148 168 1191 carnis
191 1149 243 1190 de
261 1156 469 1190 nocturno
486 1163 652 1206 quoquo
674 1148 834 1206 jejunio
857 1157 1152 1208 conqueratur.

178 2694 261 2724 mv.
1220 2676 1251 2719 6
