1742 3233
472 292 522 318 nn
559 290 767 319 ABnAnAM.
806 289 884 316 Lm.
927 290 952 316 1.
1307 277 1390 334 509

40 365 307 407 seminarium
344 366 605 411 dissentionis
638 367 812 410 auferas.
854 364 999 423 Neque
1026 365 1139 409 enim
1170 374 1216 408 tu
1243 365 1392 408 fortior

39 448 162 490 quam
186 434 409 478 Abraham.
441 438 513 479 Ille
537 438 782 480 declinanda
806 435 984 484 censuit,
1010 450 1095 476 non
1123 435 1391 492 despicienda

37 505 296 546 servulorum
316 505 463 563 jurgia.
491 507 543 548 Et
561 507 592 548 si
608 516 654 549 tu
676 506 840 554 sortior,
871 520 971 547 cave
993 520 1046 546 ne
1064 506 1168 546 alter
1184 503 1391 546 infirmior

35 571 105 628 qui
129 587 272 614 aurem
290 575 472 630 praebeat
498 578 758 618 servulorum
786 575 979 617 susurris.
1005 574 1268 630 Frequenter
1289 573 1393 616 indi-

32 639 118 681 visa
141 641 305 684 servitia
328 643 436 685 inter
456 641 651 701 parentes
674 645 930 687 discordiam
957 651 1113 686 serunt.
1141 643 1289 685 Divide
1314 658 1392 700 po—

35 709 131 759 tius,
144 719 192 753 ut
203 721 370 754 maneat
388 714 580 756 amicitia.
599 714 778 757 Indivisa
797 716 949 756 domus
968 715 1071 755 duos
1088 727 1174 754 non
1196 712 1384 754 sustinet.

33 779 180 822 Nonne
209 783 357 824 melius
379 792 439 826 est
460 784 664 841 emigrare
690 800 787 826 cum
810 784 940 842 gratia
955 816 967 833 ,
992 797 1118 840 quam
1145 783 1387 830 cohabitare

33 862 130 890 cum
148 851 381 893 discordia?

88 918 162 961 XI.
200 920 291 978 Ipsa
308 936 475 977 quoque
491 923 728 979 cujusmodi
745 938 834 965 esse
852 922 1004 965 debeat
1021 922 1184 971 divisio,
1204 922 1365 964 Patriar
1381 947 1383 951 ·

30 987 110 1029 cha
140 989 301 1032 edocet.
340 990 521 1033 Firmior
553 992 726 1041 dividat,
758 992 972 1034 infirmior
999 992 1138 1049 eligat,
1166 1007 1219 1034 ne
1239 992 1392 1033 habeat

29 1059 142 1114 quod
173 1068 382 1115 queratur.
418 1061 644 1103 Electionis
674 1057 791 1104 enim>
821 1077 906 1103 suae
941 1070 1104 1119 partem
1127 1077 1212 1104 non
1240 1062 1393 1119 poterit

30 1130 289 1173 calumniari.
318 1131 409 1174 Non
436 1132 590 1174 residet
610 1133 777 1175 occasio
803 1132 1019 1175 resiliendi
1042 1132 1110 1174 cui
1134 1134 1256 1174 datur
1277 1132 1392 1190 optio

30 1198 227 1256 eligendi,
258 1216 335 1244 nec
366 1202 518 1244 divisor
548 1211 757 1260 gravatur.
802 1201 911 1245 Nam
945 1217 1028 1258 quo
1057 1202 1321 1259 prudentior,
1342 1217 1392 1243 eo

30 1268 212 1318 cautior3
235 1279 283 1312 ut
303 1286 381 1314 nec
403 1271 445 1313 in
466 1271 667 1314 divisione
696 1271 1090 1320 circumscribatur,
1114 1285 1193 1314 nec
1217 1271 1258 1313 in
1284 1272 1391 1313 elec-

28 1338 142 1381 tione
163 1339 392 1384 fraudetur.

82 1407 177 1451 XII.
215 1409 362 1452 Divisit
384 1411 613 1460 Abraham,
631 1429 646 1450 ιι
664 1411 772 1464 Quia
791 1426 880 1454 non
898 1412 1107 1470 capiebat,
1126 1410 1276 1467 inquit,
1296 1411 1387 1454 illos

25 1484 164 1523 »terra
195 1478 383 1521 habitare
413 1481 579 1530 simul1,
599 1482 724 1538 »quia
752 1481 936 1523 nimium
965 1481 1112 1523 divites
1142 1489 1273 1522 erant.
1301 1480 1389 1523 Sae-

31 1548 173 1589 culare
194 1548 340 1591 vitium
361 1557 409 1591 ut
431 1550 577 1593 divites
597 1559 707 1593 terra
727 1565 812 1592 non
842 1551 991 1608 capiat.
1024 1550 1137 1593 Nihil
1157 1550 1270 1591 enim
1291 1549 1388 1591 satis

30 1626 94 1659 est
117 1619 292 1662 divitum
310 1620 540 1678 cupiditati.
569 1621 737 1672 Quanto
760 1621 886 1663 ditior
902 1621 993 1677 quis
1008 1620 1148 1669 fuerit,
1166 1627 1282 1661 tanto
1301 1619 1388 1661 avi-

38 1689 131 1731 dior
154 1691 206 1731 ad
227 1691 523 1747 possidendum
545 1701 619 1734 est.
657 1693 892 1734 Extendere
915 1691 1002 1748 agri
1031 1690 1231 1732 terminos
1254 1690 1386 1746 cupit,

39 1766 82 1799 et
115 1758 300 1802 vicinum
335 1763 569 1803 excludere.
611 1761 826 1817 Numquid
858 1760 1101 1816 hujusmodi
1137 1758 1389 1801 Abraham?

29 1828 222 1880 Minime,
258 1832 444 1888 quamvis
476 1832 519 1874 in
545 1831 751 1889 principio
773 1839 815 1873 et
836 1831 923 1887 ipse
945 1826 1241 1887 imperfectior.
1270 1831 1389 1872 Unde

35 1900 147 1941 enim
180 1902 381 1958 perfectio
405 1911 500 1944 ante
523 1903 748 1943 adventum
777 1899 960 1944 Christi?
993 1899 1190 1942 Nondum
1217 1907 1389 1941 venerat

34 1971 106 2027 qui
127 1971 284 2014 diceret
302 1987 312 2014 τ
330 1990 345 2011 «
362 1972 404 2015 Si
422 1972 478 2014 vis
495 1972 702 2030 perfectus
720 1987 825 2021 esse,
844 1970 965 2019 vade,
984 1970 1118 2012 vende
1138 1970 1279 2011 omnia
1293 1978 1382 2018 tua,

34 2057 50 2078 n
66 2049 108 2082 et
128 2042 179 2083 da
202 2042 471 2099 pauperihus,
505 2051 548 2084 et
569 2042 680 2091 veni,
703 2057 876 2098 sequere
903 2039 1011 2083 me2.
1033 2040 1222 2082 »Tamen
1237 2048 1285 2081 ut
1306 2040 1387 2080 mi-

32 2110 146 2154 nime
167 2126 312 2154 avarus
333 2114 579 2155 electionem
600 2112 736 2161 offert,
760 2120 807 2154 ut
826 2111 961 2168 justus
984 2110 1282 2152 dissentionem
1300 2123 1384 2151 am-

33 2191 168 2241 putat.
188 2183 308 2226 «Non
321 2183 387 2232 sit,
404 2183 554 2240 inquit,
573 2183 658 2225 rixa
676 2183 785 2225 inter
801 2197 868 2224 me
884 2190 926 2224 et
943 2190 1000 2230 te,
1020 2189 1062 2223 et
1078 2181 1187 2222 inter
1201 2188 1388 2238 pastores

33 2273 50 2295 »
65 2270 180 2297 meos
201 2263 242 2297 et
263 2262 449 2312 pastores
472 2262 565 2296 tuos
579 2286 590 2302 ,
625 2253 720 2310 quia
743 2252 934 2295 homines
955 2267 1032 2295 nos
1051 2252 1200 2294 fratres
1227 2265 1383 2293 sumus.

40 2343 56 2365 n
71 2325 219 2368 Nonne
246 2339 347 2367 ecce
366 2332 452 2367 tota
474 2332 584 2366 terra
610 2332 704 2366 ante
727 2332 767 2365 te
790 2323 884 2364 est?
904 2322 1082 2365 Discede
1104 2337 1126 2363 a
1151 2336 1220 2363 me
1239 2336 1248 2362 ε
1278 2320 1322 2362 Si
1342 2327 1389 2361 tu

37 2413 54 2435 ι)
67 2395 111 2437 in
132 2396 356 2445 sinistram,
379 2410 456 2453 ego
477 2394 518 2437 in
541 2396 754 2437 dexteram
775 2410 784 2436 ε
811 2395 877 2438 vel
892 2394 924 2436 si
941 2394 1045 2436 tuin
1063 2386 1291 2441 dexteram,
1312 2405 1389 2448 ego

35 2483 51 2506 n
66 2466 108 2508 in
129 2465 377 2507 sinistram³.
399 2484 415 2505 n

93 2535 210 2579 XIII.
260 2535 343 2578 «Et
367 2535 517 2579 levavit
539 2536 683 2578 oculos
704 2535 799 2584 Lot,
823 2542 865 2577 et
887 2534 1010 2592 elegit
1032 2534 1232 2592 irriguam
1250 2530 1388 2589 regio-

85 2637 95 2654 ·
119 2628 203 2663 Gen.
222 2640 300 2668 xm,
313 2629 343 2662 6.
361 2648 400 2656 -
418 2640 430 2654 ²
445 2630 566 2665 Matth.
580 2641 649 2672 xlx,
668 2641 718 2663 21.
738 2646 778 2657 —
792 2632 806 2657 ³
825 2630 906 2664 Gen.
922 2640 997 2669 ιω,
1012 2629 1043 2669 8,
1062 2638 1095 2672 9.
