1742 3233
332 266 418 307 310
877 283 907 309 s.
947 282 1136 310 Aunnosn

327 373 344 395 n
359 370 450 412 quae
470 354 568 398 fecit
581 388 591 404 ,
616 365 658 397 et
677 370 777 399 ecce
794 367 912 400 erant
931 359 1042 400 bona
1064 359 1181 400 valdo
1199 356 1231 405 ¹,
1253 375 1268 396 »
1299 357 1513 401 evidenter
1539 362 1679 404 decla-

327 433 444 468 ratur
459 426 620 467 bonum
642 442 730 468 esse
751 430 863 484 quod
880 437 921 470 ct
937 429 998 470 vir
1025 429 1075 470 sit
1094 428 1227 468 sactus
1243 460 1253 475 ‚
1275 429 1496 488 etmulier.

382 495 551 539 XLVII.
590 497 674 539 Sed
690 513 739 539 ex
759 498 837 540 hac
857 499 1084 555 quaestione
1106 498 1182 539 alia
1199 498 1369 554 quaestio
1388 515 1530 540 rursus
1548 516 1680 542 emer-

324 567 394 624 git.
428 568 650 619 Quomodo
678 569 790 610 cnim
821 572 985 626 quando
1020 571 1130 611 solus
1157 570 1288 610 sactus
1317 577 1378 610 est
1405 570 1564 618 Adam,
1593 587 1678 613 non

322 638 486 680 dictum
514 646 576 680 est
600 640 757 680 bonum
783 655 872 681 csse
896 640 1052 681 sactum
1082 639 1215 681 Adam
1241 654 1249 680 :
1281 641 1445 695 quando
1470 650 1608 683 autem
1638 650 1680 684 et

321 708 474 750 mulier
490 724 541 750 ex
555 724 604 750 eo
616 709 722 751 sacta
735 718 812 758 est,
832 718 932 751 tunc
947 711 1154 751 essebona
1173 709 1309 750 omnia
1326 710 1678 767 comprehensum

323 785 384 819 est
398 777 544 819 PLicet
558 778 640 819 illic
653 794 820 820 omnem
833 781 972 821 laudat
985 780 1062 821 crit
1078 788 1310 820 creaturam
1324 811 1333 827 ,
1350 787 1388 820 et
1403 779 1679 822 unirer-sitatis

322 848 477 889 creatio
501 849 552 890 sit
577 850 751 906 probata
767 882 776 895 ‚
797 851 995 906 quoniam
1019 851 1059 891 in
1084 850 1253 890 homine
1277 858 1434 890 naturas
1456 846 1689 906 praedicalar

322 916 603 959 communitas
626 927 688 960 est
708 934 716 959 :
742 927 880 960 tamon
906 935 990 960 non
1010 919 1173 960 ridetur
1191 919 1369 959 otiosum
1387 951 1397 967 ,
1418 934 1496 974 qua
1520 920 1679 960 ratione

318 986 393 1028 ubi
417 988 683 1029 solus'sactus
709 996 771 1030 est
792 988 928 1030 Adam
944 1021 954 1037 ,
980 1004 1062 1029 non
1087 990 1224 1029 solum
1247 1003 1509 1043 nequaquam
1527 988 1679 1045 praedi-

321 1056 429 1098 catio
453 1057 551 1099 boni
577 1059 829 1115 complacito
851 1059 968 1115 operi
995 1058 1156 1114 adjecta
1180 1057 1229 1098 sit
1247 1074 1265 1105 ;-
1284 1057 1498 1098 sedetiam
1521 1057 1679 1099 dictum

320 1126 372 1168 sit
396 1142 480 1169 non
507 1143 595 1169 esse
620 1129 779 1169 boumn
803 1130 938 1169 solum
967 1128 1182 1169 hominem
1205 1143 1212 1168 ε
1239 1143 1337 1168 Cum
1366 1128 1544 1168 sciamus
1567 1129 1680 1183 quod

321 1204 547 1253 antequam
564 1197 683 1239 fieret
698 1199 870 1247 mulier,
898 1214 982 1239 non
1005 1198 1204 1239 erraverit
1228 1198 1388 1244 Adam3
1414 1205 1556 1254 postca
1583 1213 1678 1238 vcro

318 1281 444 1322 quam
465 1267 618 1308 mulier
642 1276 703 1308 est
723 1268 830 1309 sacta
844 1301 853 1316 ,
874 1269 988 1324 prior
1010 1268 1194 1309 divinum
1215 1268 1480 1324 praevaricata
1503 1269 1680 1309 manda-
1736 1287 1740 1305 ι

318 1343 428 1383 tum,
447 1336 573 1377 etiam
589 1336 725 1377 virum
743 1352 864 1378 suum
885 1337 1053 1378 traxerit
1072 1337 1112 1377 in
1130 1352 1317 1378 errorem
1333 1369 1342 1384 ‚
1362 1345 1403 1377 ct
1423 1337 1595 1383 incentis
1609 1353 1679 1378 um
1736 1333 1738 1342 ἱ

316 1405 408 1462 ejus
424 1405 616 1448 extiterit.
642 1406 684 1447 Si
707 1407 832 1464 igitur
854 1407 940 1447 viro
960 1409 1091 1464 culpae
1111 1415 1256 1448 auctor
1273 1415 1334 1448 cst
1349 1407 1515 1455 mulier,
1531 1422 1680 1463 queul-
1734 1439 1737 1445 f

319 1476 546 1518 admodum
568 1493 644 1534 pro
670 1478 782 1518 bono
810 1478 975 1519 videtur
1006 1477 1170 1534 adjecta
1190 1477 1203 1497 ²
1229 1478 1246 1518 Ξ)
1270 1497 1284 1515 »
1316 1477 1470 1535 terum
1494 1477 1526 1518 si
1550 1477 1680 1518 cousi-

317 1547 437 1587 deres
455 1546 550 1602 quia
575 1548 663 1588 Deo
684 1546 960 1589 universitatis
978 1557 1039 1589 est
1064 1563 1185 1596 eura,
1200 1547 1385 1589 invenies
1403 1549 1495 1606 plus
1513 1549 1680 1604 placere

316 1615 497 1658 Domino
517 1617 709 1659 debuisse
733 1618 789 1666 id,
812 1617 853 1658 in
873 1633 955 1674 quo
978 1627 1085 1659 esset
1102 1614 1224 1659 Causa
1245 1616 1538 1666 univcrsitatis,
1555 1632 1680 1673 quam

318 1687 688 1744 condemnandum
705 1687 830 1728 fuisso
848 1688 967 1736 illud,
994 1688 1034 1728 in
1050 1703 1132 1743 quo
1155 1696 1259 1728 esset
1280 1703 1401 1728 causa
1425 1685 1599 1744 peccati.
1629 1686 1681 1727 Et

315 1756 408 1799 ideo
440 1757 535 1813 quia
565 1759 616 1799 ex
647 1757 735 1799 viro
764 1759 852 1799 solo
886 1773 969 1799 non
1001 1766 1165 1814 poterat
1192 1757 1365 1798 humani
1397 1772 1486 1798 csse
1518 1755 1678 1813 generis

313 1828 579 1885 propagatio,
605 1828 893 1886 pronuntiavit
914 1828 1119 1870 Dominus
1142 1842 1223 1868 non
1249 1842 1337 1868 esse
1359 1827 1519 1877 bonum
1544 1827 1678 1867 solum
1711 1860 1722 1869 .

314 1900 403 1939 esse
433 1897 660 1939 hominem.
691 1898 835 1941 Maluit
857 1898 970 1939 enim
997 1898 1109 1939 Deus
1134 1899 1274 1954 plures
1301 1913 1390 1938 esse
1413 1912 1518 1953 quos
1545 1898 1678 1939 salvos
1729 1951 1732 1960 .

312 1966 452 2009 facere
475 1975 640 2025 posset,
669 1975 710 2009 ot
736 1967 888 2024 quibus
922 1969 1098 2009 donaret
1126 1976 1370 2025 peccatum,
1396 1982 1523 2024 quam
1547 1982 1680 2008 unum
1727 2024 1731 2033 Δ

314 2038 450 2078 Solum
473 2036 630 2087 Adam,
655 2038 726 2094 qui
749 2038 856 2079 liber
879 2046 988 2080 esset
1020 2053 1041 2079 a
1068 2039 1202 2095 culpa.
1230 2037 1420 2094 Denique
1449 2037 1544 2094 quia
1568 2037 1680 2079 idem

311 2105 529 2164 utriusque
561 2115 708 2148 auctor
731 2115 793 2148 est
819 2107 981 2164 operis,
1012 2107 1126 2148 venit
1155 2107 1197 2148 in
1226 2107 1339 2148 hunc
1365 2108 1599 2155 mundum,
1633 2113 1679 2147 ut
1726 2101 1730 2127 ³

313 2177 445 2219 salvos
477 2177 634 2219 faceret
670 2185 928 2235 peccatores.
974 2177 1190 2219 Postremo
1230 2192 1282 2218 ne
1320 2176 1423 2218 Ca'in
1459 2175 1672 2233 parricidii
1725 2222 1729 2231 .

314 2260 436 2288 reum
453 2245 568 2304 prius
587 2261 713 2302 quam
728 2241 948 2304 generaret
964 2246 1092 2295 filios,
1113 2262 1257 2304 passus
1278 2254 1341 2288 est
1362 2245 1544 2287 interire.
1571 2245 1683 2302 Ergo

317 2323 489 2374 propter
510 2317 823 2373 generationem
847 2317 1122 2358 successionis
1144 2318 1340 2358 humanae
1359 2316 1504 2358 debuit
1526 2315 1678 2356 mulier
1724 2317 1727 2353 ἓ

316 2385 440 2443 adjici
458 2386 560 2428 viro.
583 2387 775 2446 Denique
792 2387 875 2429 hoc
896 2388 982 2445 ipsa
1005 2388 1132 2429 verba
1155 2389 1371 2430 declarant
1389 2386 1565 2429 dicentis
1586 2385 1680 2433 Dei,

316 2471 402 2498 non
424 2457 585 2498 bonum
614 2458 749 2498 solum
781 2473 870 2499 esse
899 2458 1128 2500 hominem.
1163 2458 1268 2500 Nam
1290 2457 1367 2499 etsi
1394 2456 1546 2499 mulier
1569 2455 1683 2514 prior

316 2535 540 2584 peccatura
572 2536 691 2577 erat3
726 2537 866 2571 tamen
896 2529 1229 2586 redemptionem
1267 2529 1345 2570 sibi
1377 2527 1562 2586 paritura
1600 2541 1682 2568 non
1722 2527 1723 2531 ’

367 2627 374 2641 ¹
393 2618 477 2650 Gen.
496 2630 516 2656 1,
532 2618 586 2652 δι.
602 2636 641 2642 -
658 2629 669 2643 ²
687 2619 722 2651 S.
746 2619 878 2661 August.
896 2624 1007 2650 contra
1024 2617 1189 2650 Julianum
1215 2618 1279 2650 Pel.
1298 2630 1326 2649 c.
1346 2630 1378 2660 7.
