1742 3233
441 273 492 300 DE
524 269 740 300 mmmm.
778 269 898 297 Lmen
932 269 1047 297 unus.
1344 252 1428 310 295

76 353 211 396 velint
232 353 316 395 vim
342 343 616 407 cognitionis,
649 357 694 390 ut
723 347 1054 406 perfunctoriam
1084 346 1301 389 scientiam
1327 348 1431 390 boni

77 431 117 464 et
145 423 243 464 mali
267 420 530 463 interdictam
553 427 724 478 putent,
749 419 791 460 in
813 433 861 459 eo
885 433 1050 474 quoque
1074 416 1430 474 praevaricationis

78 494 200 550 culpa
217 499 281 533 est
304 506 390 532 non
408 491 625 532 obeditum
648 505 736 531 esse
752 490 973 535 mandat03
996 488 1091 544 quia
1113 488 1239 529 etiam
1267 489 1429 529 tumul-

77 563 255 604 tuariam
276 561 493 603 scientiam
514 561 615 603 boni
636 569 678 602 et
701 560 799 602 mali
820 559 1024 601 Dominus
1045 558 1157 600 Deus
1180 558 1341 615 putavit
1362 558 1428 599 in-

77 632 322 674 hibendam.

134 701 296 744 XXXI.
335 700 425 743 Alia
448 700 621 757 quaestio
651 715 660 740 :
696 699 781 750 Qui
816 714 901 740 non
938 697 1154 755 cognoscit
1193 697 1356 739 bonum
1394 706 1435 740 et

79 774 251 821 malum,
277 772 382 813 nihil
403 786 424 812 a
446 772 618 828 parvulo
638 771 775 812 distat.
797 769 963 811 Parvuli
981 777 1120 810 autem
1145 770 1255 827 apud
1275 769 1436 826 justum

80 842 265 899 judicem
300 842 412 883 nulla
447 849 509 882 est
542 842 678 898 culpa.
714 840 859 882 Justus
891 847 1031 882 autem
1062 847 1257 897 operator
1288 839 1439 881 mundi

81 927 296 968 nunquam
322 912 543 968 parvulum
566 915 755 953 vocasset
772 911 814 952 in
832 912 1014 967 culpam,
1034 918 1207 967 propter
1224 911 1337 966 quod
1354 925 1439 951 non

81 989 333 1038 cognoverat
355 981 514 1022 honum
538 989 579 1022 et
599 982 782 1027 maluun
820 980 913 1036 quia
942 981 1137 1037 parvulus
1162 980 1249 1020 sine
1269 981 1355 1020 ullo
1378 987 1441 1021 est

81 1050 255 1092 crimine
275 1050 626 1107 praevaricationis
648 1057 690 1090 et
712 1050 859 1106 culpae.
883 1049 1042 1091 Verum
1064 1063 1163 1090 cum
1184 1049 1226 1089 iu
1244 1048 1440 1105 superio-

80 1121 194 1162 ribus
227 1120 452 1162 dixerimus
485 1120 698 1176 duplicem
729 1134 819 1160 esse
849 1119 1113 1160 intellectum
1136 1119 1318 1160 scientiae
1340 1119 1441 1160 boni

80 1197 124 1230 et
144 1189 259 1236 mali,
285 1189 317 1230 si
340 1189 671 1246 perfunctoriam
693 1188 909 1230 scientiam
932 1188 1176 1246 accipimus,
1196 1188 1342 1245 utique
1365 1188 1442 1230 sal-

82 1274 175 1300 sum
202 1267 264 1300 est
286 1260 400 1315 quod
422 1259 526 1300 nihil
549 1259 672 1300 distet
692 1274 713 1300 a
735 1261 927 1316 parvulo,
952 1259 1023 1316 qui
1047 1275 1131 1301 non
1153 1259 1350 1316 cognovit
1369 1247 1443 1301 bo,-

82 1344 183 1370 num
208 1337 251 1370 et
272 1331 442 1370 malum.
471 1328 514 1371 Si
538 1334 677 1370 autem
713 1328 864 1370 falsum
901 1337 962 1370 est
995 1330 1107 1385 quod
1138 1329 1241 1370 nihil
1270 1328 1395 1370 distet
1421 1345 1443 1370 a

82 1400 254 1456 parvulo
263 1416 274 1446 3
298 1414 397 1455 ergo
415 1414 500 1440 non
521 1400 719 1455 parvulus
743 1398 889 1440 Adam.
915 1399 957 1440 Si
975 1414 1061 1439 non
1080 1401 1299 1456 parvulus,
1321 1400 1444 1441 ascri-

83 1468 196 1509 bitur
215 1468 358 1524 utique
378 1468 415 1509 ei
439 1468 555 1524 quasi
578 1483 664 1509 non
686 1470 861 1525 parvulo
884 1477 1122 1526 peccatum.
1151 1468 1195 1510 Si
1216 1478 1444 1525 peccatum

85 1539 320 1586 ascribitur,
340 1538 528 1594 sequitur
544 1553 669 1595 poena
687 1547 932 1595 peccatum;
954 1539 1050 1595 quia
1068 1540 1218 1596 dignus
1235 1539 1446 1581 invenitur

84 1624 221 1666 poena,
257 1608 326 1665 qui
348 1616 570 1665 peccatum
592 1608 723 1649 vitare
745 1623 830 1650 nou
851 1609 1106 1666 procuravit.
1143 1609 1286 1651 Potest
1316 1609 1446 1651 etiam

84 1678 191 1734 fieri,
217 1687 264 1720 ut
283 1679 410 1720 etiam
431 1679 502 1735 qui
524 1679 744 1720 scientiam
766 1695 852 1720 non
874 1680 1001 1721 habet
1023 1680 1124 1722 boni
1144 1688 1186 1721 et
1208 1681 1323 1728 mali,
1347 1696 1443 1738 par-

86 1750 206 1790 vulus
240 1764 324 1790 non
349 1749 423 1797 sit3
458 1748 659 1804 quoniam
675 1748 791 1806 prius
813 1764 938 1805 quam
959 1750 1077 1791 scivit
1098 1765 1203 1807 puer
1224 1750 1386 1791 bonum
1408 1759 1450 1792 et

86 1818 284 1867 malum¹,
319 1835 403 1860 nou
430 1820 608 1861 credidit
635 1820 818 1862 malitiae.
854 1821 907 1862 Et
929 1821 1082 1862 iterum
1108 1821 1267 1862 habes:
1295 1838 1310 1859 «
1339 1821 1448 1872 Quia

88 1889 232 1946 »prius
251 1904 378 1944 quam
401 1890 502 1931 sciat
525 1906 631 1947 puer
649 1905 800 1931 vocare
820 1898 984 1947 patrem
999 1899 1042 1932 et
1057 1899 1252 1938 matrem,
1274 1890 1451 1948 accipiet

89 1959 316 2000 »virtutem
352 1959 562 2008 Damasci,
594 1968 636 2002 et
663 1959 793 2016 spolia
826 1959 1061 2002 Samariae2.
1083 1960 1327 2002 »Perfectus
1351 1976 1450 2017 crgo

89 2030 162 2086 qui
191 2038 389 2087 operatur
422 2031 601 2078 bonum,
631 2030 794 2072 etiamsi
816 2030 915 2071 boni
936 2039 979 2072 et
998 2030 1098 2072 mali
1123 2030 1340 2072 scientiam
1366 2045 1451 2072 nou

92 2102 267 2157 adeptus
285 2100 352 2148 sit,
378 2108 422 2142 ut
441 2100 563 2142 multi
582 2100 697 2158 prius
719 2115 846 2157 quam
863 2101 996 2142 sciant
1011 2102 1146 2158 legem
1159 2134 1170 2150 ,
1196 2101 1274 2158 ipsi
1290 2101 1368 2142 sibi
1386 2102 1453 2142 lex

93 2179 201 2212 sunt.
230 2171 357 2222 Quod
376 2170 621 2228 Apostolus,
642 2171 757 2228 prius
780 2185 907 2226 quam
938 2170 1097 2212 diceret
1116 2186 1124 2213 :
1142 2189 1157 2210 ι
1175 2171 1269 2214 Non
1292 2186 1453 2213 concu-

94 2260 109 2280 »
124 2241 273 2298 pisces,
293 2242 484 2282 »malum
505 2256 596 2282 esse
618 2240 1007 2297 concupiscentiam
1033 2240 1284 2283 nesciebat³.
1322 2241 1454 2283 Deni—

95 2327 175 2368 que
193 2311 280 2368 ipse
297 2311 378 2352 ait:
396 2329 411 2349 «
428 2312 656 2353 Peccatum
678 2326 762 2352 non
786 2310 962 2367 cognovi
985 2311 1062 2352 nisi
1085 2326 1161 2368 per
1176 2313 1325 2368 legem.
1349 2311 1454 2353 Nam

97 2379 515 2437 »concupiscentiam
544 2381 800 2428 nesciebam,
827 2381 904 2421 nisi
926 2382 993 2422 lex
1015 2381 1174 2422 diceret
1197 2396 1206 2422 :
1232 2381 1325 2423 Non
1352 2395 1457 2422 con—

98 2469 113 2490 »
128 2451 318 2508 cupisces
332 2450 360 2492 ¹⁴.
379 2469 393 2490 ›>
407 2451 474 2493 Ad
494 2467 622 2508 quam
643 2460 808 2509 partem
825 2451 950 2492 etiam
968 2467 1073 2508 puer
1090 2459 1229 2509 potest
1247 2467 1338 2494 esse
1358 2467 1458 2509 per-

99 2521 234 2564 fectus
266 2518 361 2578 jure
391 2530 576 2580 uaturae,
623 2522 739 2579 prius
780 2537 907 2578 quam
937 2521 1042 2563 sciat
1073 2521 1457 2580 concupiscentiam

149 2621 157 2635 ¹
184 2614 259 2645 [sai.
277 2624 324 2645 vn
337 2635 347 2652 ,
365 2613 414 2645 16.
432 2631 472 2638 —
489 2624 500 2638 ²
518 2613 567 2646 Id.
585 2624 659 2653 vm,
678 2613 712 2651 4.
729 2629 770 2638 -—
788 2615 802 2637 ³
820 2613 916 2645 Rom.
931 2623 970 2651 υ,
990 2612 1040 2651 14.
1056 2629 1096 2637 -
1116 2614 1129 2640 ⁴
1144 2612 1197 2644 ld.
1214 2622 1272 2650 vn,
1288 2623 1319 2655 7.
