1742 3233
290 226 373 268 550
831 247 861 274 s.
903 248 1088 277 Anssnosn

296 316 398 358 tiam
409 317 577 362 Domini
595 321 776 371 tenditis,
798 332 840 366 et
859 340 929 367 vos
946 327 1231 382 provocemini
1254 336 1300 370 ut
1321 328 1509 372 habeatis
1526 330 1637 374 inau-

293 395 404 429 reset
433 388 576 438 virias,
596 397 637 431 et
651 391 795 434 dicatis
817 409 826 434 ε
846 394 1069 445 Quomodo
1089 396 1286 453 prohibes
1298 398 1395 447 hoc,
1415 399 1635 457 Episcope,

287 465 336 498 ut
356 458 585 501 habeamus
606 463 718 516 quod
733 463 924 506 Rebecca
946 466 1106 523 accepit
1129 482 1204 523 pro
1222 483 1421 518 munere,
1442 477 1483 510 et
1502 470 1640 513 horta-

288 529 344 569 ris
369 537 415 570 ut
443 530 596 572 similes
629 532 758 574 simus
786 534 1018 577 Rebeccae?
1049 537 1133 578 Sed
1161 552 1245 578 non
1272 538 1345 580 has
1376 539 1538 582 inaures
1556 541 1640 583 Re·-

288 597 418 639 becca
437 598 617 642 habebat
634 609 675 642 et
688 603 809 644 virias
822 636 832 651 ,
853 620 943 660 quse
960 606 1053 647 lites
1072 606 1112 646 in
1131 607 1316 649 Ecclesia
1335 624 1471 650 serere
1488 611 1637 660 solent,

289 670 597 724 quse-labuntur
617 671 857 727 frequenter
876 689 885 714 z
908 675 1004 716 alias
1027 676 1190 717 inaures
1213 677 1418 726 habebat,
1443 694 1544 735 quas
1561 678 1641 721 uti-

290 754 385 779 nam
410 755 481 780 vos
501 740 711 790 habeatis,
737 743 835 783 alias
866 744 1000 786 virias.
1029 746 1198 787 Inaures
1219 747 1422 788 Rebeccae
1442 747 1498 805 pii
1521 747 1642 790 audi-

290 817 355 849 tus
378 809 573 866 insignia,
602 820 642 853 et
665 812 776 854 viriae
802 813 1006 856 Rebeccae
1029 824 1271 858 ornamenta
1299 817 1506 859 sactorum
1528 827 1634 861 sunt.

289 878 372 919 Has
394 878 558 921 inaures
580 880 762 922 habebat
779 915 789 930 ,
819 898 910 938 quae
937 899 1020 925 non
1044 895 1262 941 gravarent
1284 901 1426 928 aurem
1440 920 1450 935 ,
1479 889 1551 930 sed
1568 889 1642 930 de-

287 949 523 991 mulcerent
547 964 555 991 :
580 950 654 991 has
685 951 830 1001 virias,
868 969 958 1009 qua}
988 970 1160 996 manum
1194 971 1277 997 non
1307 957 1509 1012 materiali
1542 972 1642 1000 auro

289 1027 536 1067 onerarent,
562 1022 633 1061 sed
651 1021 822 1077 spiritali
840 1031 937 1063 actu
959 1025 1156 1066 levarent.
1185 1026 1283 1066 Ideo
1306 1034 1347 1067 et
1365 1025 1480 1068 fratri
1501 1034 1543 1068 et
1568 1042 1643 1084 pa-

292 1089 480 1130 rentibus
506 1089 547 1130 in
573 1090 653 1131 hoc
676 1092 832 1147 placuit
855 1101 1016 1134 ornatu.
1045 1094 1097 1134 Et
1123 1102 1168 1135 tu
1190 1110 1308 1136 sume
1331 1094 1517 1144 inaures,
1541 1110 1642 1153 quas

293 1159 370 1200 tibi
394 1159 607 1201 Abraham
638 1161 806 1217 reliquit
826 1177 834 1201 ε
856 1178 972 1203 sume
995 1178 1096 1218 quas
1125 1164 1353 1206 transmisit
1373 1165 1508 1206 virias.
1534 1163 1644 1207 Audi

291 1229 418 1270 verba
442 1229 697 1271 DominiDei
719 1230 793 1278 tui,
815 1231 922 1272 sicut
942 1232 1028 1288 ipse
1046 1232 1240 1274 audiebat
1263 1249 1272 1274 ε
1293 1249 1497 1290 exequere
1513 1234 1641 1291 jussa,

289 1300 398 1341 sicut
418 1300 504 1356 ipse
528 1300 765 1356 properavit
782 1301 968 1357 implere.

347 1370 439 1413 XC.
461 1371 776 1413 pulcherrimus
797 1380 937 1413 autem
959 1373 1076 1414 locus
1096 1373 1147 1414 ad
1167 1373 1432 1415 instruendos
1452 1389 1538 1423 eos,
1559 1372 1645 1432 qui-

292 1442 369 1483 bus
397 1440 553 1497 aliquid
579 1441 832 1499 injungitur,
859 1443 972 1499 quod
1003 1458 1086 1483 non
1114 1443 1227 1499 prius
1251 1443 1520 1486 manducavit
1541 1458 1646 1502 puer

290 1510 470 1552 Abrahae
498 1511 735 1569 appositum
758 1512 837 1554 sibi
859 1528 1010 1570 panem
1027 1545 1037 1561 ,
1062 1525 1189 1569 quam
1218 1515 1462 1555 mandatum
1486 1513 1646 1556 domini

292 1589 583 1637 exequeretur.
619 1582 714 1633 Quo
746 1582 993 1639 impetrato,
1028 1597 1122 1624 vasa
1153 1598 1278 1625 aurea
1312 1590 1354 1625 et
1384 1591 1577 1640 argentea
1605 1591 1648 1626 et

292 1658 451 1692 vestem
475 1651 590 1692 dedit
610 1652 826 1696 Rebeccae.
857 1653 933 1694 [hi
955 1661 1146 1709 sponsata
1169 1661 1231 1695 est
1252 1653 1456 1702 Ecclesia,
1483 1648 1647 1712 accepit

290 1734 385 1761 vasa
413 1735 538 1762 aurea
567 1729 608 1763 et
630 1729 850 1779 argentea,
886 1722 926 1763 iu
949 1722 1102 1778 quibus
1134 1730 1242 1764 esset
1273 1721 1493 1783 thesaurus
1521 1720 1644 1772 fidei;

294 1799 392 1832 sunt
422 1791 578 1832 etenim
605 1785 701 1833 vasa
729 1792 771 1832 in
798 1792 1028 1839 honorem,
1061 1799 1156 1832 sunt
1186 1798 1227 1832 et
1254 1790 1296 1831 in
1328 1792 1638 1834 contumeliam,

295 1860 400 1911 Quae
414 1859 495 1902 sint
512 1876 558 1902 ea
577 1876 671 1902 vasa
690 1861 785 1903 audi
802 1877 811 1902 z
830 1880 843 1900 a
858 1860 1324 1903 Habemusthesaurum
1338 1860 1380 1902 in
1392 1859 1497 1903 vasis
1514 1859 1648 1904 fictili-

293 1931 400 1972 »bus
421 1930 452 1972 ¹.
481 1930 615 1974 »Vasa
649 1930 792 1973 fictilia
819 1946 995 1989 corpora
1026 1939 1168 1973 nostra
1206 1938 1305 1971 sunt
1333 1944 1342 1970 :
1370 1928 1474 1972 fides
1505 1938 1648 1973 nostra

290 2001 511 2043 thesaurus
537 2009 611 2043 est.
638 2001 691 2042 Et
712 2001 885 2043 sortasse
909 2000 995 2057 jam
1017 2001 1143 2042 etiam
1172 1999 1260 2056 ipsa
1283 2014 1459 2056 corpora
1484 2008 1644 2048 nostra,

294 2082 386 2128 quae
404 2073 649 2114 thesaurum
671 2071 797 2114 istum
819 2072 991 2121 habent,
1019 2086 1143 2113 aurea
1161 2079 1273 2119 sunt,
1294 2070 1390 2126 quia
1409 2078 1506 2112 sunt
1526 2071 1649 2127 plena

291 2142 524 2200 prudentiae
550 2158 558 2183 :
585 2150 628 2184 et
650 2150 845 2200 argentea
872 2157 968 2184 vasa
991 2149 1112 2191 sunt,
1136 2155 1226 2198 quae
1245 2139 1442 2182 videntur
1461 2139 1648 2182 mandati

290 2212 469 2255 coelestis
492 2212 682 2270 alloquiis
704 2213 925 2272 refulgere.
951 2213 1220 2255 Honorantur
1238 2219 1379 2253 autem
1396 2218 1438 2252 et
1454 2216 1647 2267 parentes

290 2284 551 2326 muneribus.

345 2353 457 2396 XCI.
489 2354 733 2397 Consulitur
767 2356 905 2413 puella
934 2371 1019 2398 non
1052 2356 1104 2397 de
1128 2352 1415 2412 sponsalibus,
1448 2364 1547 2394 nam
1579 2349 1648 2392 illa

279 2421 487 2481 judicium
512 2433 706 2484 expectat
729 2434 961 2485 parentum
975 2459 985 2475 ‚
1009 2440 1093 2468 non
1126 2432 1189 2467 est
1210 2423 1323 2467 enim
1345 2419 1555 2480 virginalis
1573 2435 1647 2479 pu-

278 2494 389 2541 doris
404 2495 564 2556 eligere
579 2497 779 2561 maritum
801 2513 810 2540 z
832 2498 905 2561 sed
922 2497 1009 2556 jam
1024 2497 1284 2554 desponsata
1303 2492 1392 2537 viro
1412 2493 1464 2535 de
1481 2489 1646 2555 prese&

326 2594 335 2610 ¹
359 2597 376 2631 ᾳ
393 2585 472 2626 Gor.
493 2597 535 2621 ιν.
559 2599 590 2637 7.
