1742 3233
453 315 504 343 DE
539 314 743 343 ΑΒΒΑΗΑΜ.
783 315 861 343 Lm.
902 317 944 343 11.
1296 307 1379 362 579

35 389 142 431 sicut
162 388 259 432 luna
279 388 556 434 immutatur:
587 391 748 449 sapiens
777 400 916 434 autem
940 392 1164 436 immobilis
1186 392 1268 436 fido
1290 408 1382 451 per—

31 467 184 501 manet.

88 529 330 574 XXXVIII.
369 529 452 574 Sed
478 531 585 574 sorte
611 532 755 576 dicas:
790 532 1016 584 Quomodo
1044 533 1239 590 sapientis
1270 542 1382 576 totus

31 601 212 642 mundus
229 599 323 642 est?
340 600 551 652 Quoniam
566 602 653 659 ipsa
668 610 817 645 natura
835 603 905 644 dat
920 602 977 644 illi
996 611 1151 644 sortem
1175 604 1381 653 omnium,

30 668 193 711 etiamsi
214 669 302 727 ipse
323 670 428 713 nihil
442 672 663 729 possideat.
690 672 870 715 Domina
894 679 955 714 est
971 672 1084 714 enim
1111 681 1152 714 et
1173 687 1385 729 possessor

31 739 221 782 omnium
251 739 451 797 sapientia
468 774 478 790 ,
508 757 599 798 quae
622 756 694 785 sua
717 750 838 799 putat
856 749 1016 783 naturae
1045 757 1243 791 munera;
1278 757 1387 798 quo-

31 809 141 850 niam
158 809 200 851 in
217 825 341 852 usum
357 810 577 853 hominum
596 812 691 853 data
708 819 913 860 sunt„nec
924 812 1019 854 ullis
1036 812 1207 870 indiget,
1221 812 1384 854 etiamsi

30 877 166 921 desint
206 879 244 921 ei
272 881 323 921 ad
349 880 508 922 victum
535 880 782 922 necessaria.
814 880 1004 937 Namque
1027 889 1073 922 ut
1108 881 1296 923 musicus
1318 897 1384 923 or—

23 938 158 1007 igana,
189 958 260 992 aut
279 950 470 992 medicus
495 950 826 999 medicamenta,
862 959 934 993 aut
963 952 1185 993 nauclerus
1212 967 1303 1008 quze
1332 954 1384 994 ad

31 1018 145 1061 navis
165 1019 491 1062 instrumentum
515 1020 747 1062 necessaria
774 1028 895 1069 sunt,
915 1020 1076 1062 etiamsi
1110 1023 1278 1077 quando
1301 1038 1385 1063 non

29 1087 206 1138 habeat;
239 1088 368 1132 habet
395 1097 536 1131 tamen
569 1104 619 1131 eo
643 1089 731 1147 ipso
759 1104 842 1146 quo
868 1090 1000 1146 possit
1021 1089 1084 1131 his
1107 1090 1194 1139 uti,
1224 1091 1385 1132 etiamsi

29 1159 82 1199 ad
98 1167 263 1216 tempus
279 1174 378 1201 usus
396 1173 543 1201 eorum
561 1173 645 1200 non
659 1166 852 1216 suppetat
869 1174 878 1200 τ
899 1167 1056 1215 quanto
1073 1159 1204 1216 magis
1223 1160 1384 1217 sapiens

0 1222 2 1281 j
29 1243 152 1269 suum
173 1227 337 1285 judicat
371 1228 576 1285 quidquid
606 1237 766 1270 naturae
798 1236 882 1277 est,
919 1229 991 1285 qui
1022 1228 1122 1271 vivit
1151 1231 1383 1271 secundum

0 1332 1 1337 ,
27 1298 249 1340 naturam?
273 1298 367 1341 Non
389 1299 501 1340 enim
524 1298 676 1341 amittit
696 1298 762 1355 jus
786 1314 932 1347 suum,
951 1299 1022 1356 qui
1048 1299 1242 1341 meminit
1264 1315 1306 1341 se
1332 1301 1384 1341 ad

28 1368 253 1426 imaginem
270 1368 348 1410 Dei
371 1368 529 1410 sactum
543 1401 554 1417 ,
573 1375 615 1410 et
641 1369 694 1410 ad
715 1367 907 1410 homines
936 1383 957 1409 a
982 1368 1163 1410 Domino
1180 1368 1269 1410 Deo
1294 1369 1383 1410 dic—

27 1428 118 1479 tum
140 1453 148 1479 :
179 1456 194 1475 α
211 1438 399 1480 Crescite
413 1471 424 1487 ‚
454 1447 495 1480 et
515 1437 877 1494 multiplicamini,
902 1446 943 1479 et
964 1439 1123 1495 replete
1145 1447 1321 1486 terram,
1341 1447 1383 1479 ct

26 1507 332 1549 »dominamini
350 1507 392 1550 in
404 1522 495 1550 eam
507 1540 518 1556 ,
535 1516 576 1549 et
588 1507 789 1564 imperate
804 1503 989 1565 piscibus
1001 1508 1144 1556 maris,
1158 1516 1198 1550 et
1210 1509 1382 1550 volatili-

26 1595 42 1616 »
54 1576 134 1619 bus
149 1576 258 1626 coe1i‚
275 1586 319 1620 et
331 1577 528 1620 omnibus
541 1577 781 1635 pecoribus,
796 1586 838 1620 et
850 1578 965 1619 omni
980 1587 1119 1625 terrae,
1134 1586 1175 1619 et
1186 1577 1380 1619 omnibns

25 1644 319 1705 »serpentibus
342 1647 413 1704 qui
432 1654 656 1690 moventur
673 1662 798 1705 super
820 1655 977 1689 terram
994 1647 1024 1689 ¹.
1048 1647 1128 1689 »Et
1149 1648 1262 1690 novit
1283 1648 1378 1704 quia

12 1709 224 1775 'sapientia
250 1717 442 1759 omnium
464 1724 599 1758 mater
620 1725 705 1766 est,
732 1724 773 1758 et
795 1716 882 1774 ipsa
901 1717 1047 1759 orbem
1063 1725 1271 1758 terrarum
1288 1733 1379 1775 pos-

24 1787 142 1830 sidet.
167 1787 360 1844 Denique
380 1786 579 1829 Salomon
606 1787 678 1843 qui
705 1786 951 1844 sapientiam
971 1787 1165 1844 poposcit
1191 1796 1232 1829 et
1254 1802 1376 1829 acce-

22 1858 83 1915 pit
121 1872 142 1899 a
172 1857 353 1900 Domino
387 1857 476 1900 Deo
510 1865 652 1898 nostro
685 1872 694 1898 :
734 1874 749 1894 α
778 1857 869 1914 Ipse
905 1856 1032 1904 mihi,
1070 1856 1223 1912 inquit,
1261 1857 1377 1898 dedit

23 1941 216 1975 n-eorum,
243 1941 335 1984 quae
357 1935 469 1975 sunt,
500 1927 717 1968 scientiam
737 1941 903 1975 veram3
927 1934 974 1968 ut
991 1926 1119 1968 sciam
1138 1927 1375 1984 dispositio-

22 2016 38 2053 »
52 2012 149 2039 nem
175 1997 288 2039 orbis
308 2005 516 2040 terrarum
531 2029 541 2046 ,
567 2005 609 2039 et
633 1996 833 2038 virtutem
856 1997 1184 2044 elementorum,
1210 1996 1374 2038 initium

23 2076 94 2110 »et
118 2055 525 2110 consummationem
553 2075 595 2109 et
619 2067 888 2108 medietatem
916 2066 1105 2107 omnium
1134 2081 1303 2115 rerum,
1333 2075 1375 2108 ct

22 2132 274 2180 »divisiones
290 2145 530 2194 temporum
542 2169 554 2186 ,
573 2144 614 2178 et
638 2136 734 2178 anni
756 2151 902 2178 cursus
915 2168 925 2185 ,
944 2144 985 2177 et
1002 2137 1215 2178 stellarum
1239 2136 1373 2194 dispo-

22 2227 37 2248 »
52 2208 241 2258 sitiones,
269 2217 438 2250 naturas
462 2207 704 2250 animalium
727 2215 768 2249 et
784 2207 863 2248 iras
890 2206 1139 2254 bestiarum,
1163 2207 1247 2248 vim
1269 2222 1372 2247 ven-

21 2272 192 2321 »torum
206 2311 217 2327 ,
235 2285 277 2320 et
294 2277 565 2336 cogitationes
580 2277 800 2320 hominum
814 2309 824 2325 ,
850 2275 1103 2319 differentias
1125 2276 1369 2325 herbarum,

21 2357 93 2392 »et
116 2348 289 2401 virtutes
309 2347 521 2397 radicum,
551 2356 593 2390 et
619 2361 898 2404 quaecumque
934 2354 1031 2389 sunt
1063 2347 1305 2389 abscondita
1331 2356 1373 2389 et

21 2414 273 2475 ›simprovisa
283 2416 314 2460 ².
342 2414 358 2457 π’
382 2416 465 2460 Sed
481 2417 571 2460 haec
593 2417 699 2460 nulli
721 2417 798 2460 nisi
821 2416 1006 2475 perfecto
1033 2425 1274 2474 suppetunt.

79 2487 287 2534 XXXIX,
308 2487 499 2546 Denique
514 2487 727 2531 Abraham
744 2487 930 2545 quandiu
947 2487 1185 2529 adhaerebat
1211 2487 1249 2529 ei
1274 2487 1368 2537 Lot,

17 2560 104 2606 hoc
122 2568 208 2608 est,
231 2558 428 2604 deflectio
445 2574 644 2610 morum,
668 2566 825 2604 sortem
845 2558 1000 2604 horum
1021 2573 1108 2605 non
1135 2567 1365 2617 acceperat.

67 2659 78 2674 ¹
96 2648 178 2685 Gen.
197 2661 222 2691 1,
238 2648 338 2699 28„-
351 2657 366 2681 ο
380 2649 457 2693 Sap.
472 2660 531 2690 vu,
550 2659 659 2692 ¹7·2¹·

1152 2700 1220 2759 37.
