1742 3233
319 278 406 328 504
867 294 897 321 s.
938 293 1125 321 mmmm

316 386 468 429 magno
491 371 598 412 inter
623 378 782 427 septem
805 371 1051 429 Sapientum
1080 372 1190 414 dicta
1216 373 1452 414 celebratur
1474 382 1560 419 ἕπου
1584 377 1669 427 Θεῷ,

318 441 362 483 id
378 449 439 483 cst
454 474 463 489 ,
483 456 657 497 sequere
669 441 828 490 Deum,
850 442 1025 499 perfecit
1043 441 1257 484 Abraham
1271 475 1281 491 ,
1300 442 1493 499 factoque
1505 443 1674 501 Sapien-

320 520 412 554 tum
441 511 551 552 dicta
574 511 796 568 praevenit,
821 520 862 554 et
885 519 1052 553 secutus
1073 511 1209 553 Deum
1233 513 1356 553 exivit
1372 514 1424 554 de
1447 520 1556 554 terra
1582 529 1668 555 sua.

320 581 405 623 Sed
431 581 526 637 quia
559 590 654 623 ante
680 589 791 622 terra
822 581 859 622 ci
882 581 1016 623 fuerat
1038 581 1139 629 alia,
1168 581 1249 622 hoc
1286 589 1373 630 est,
1398 582 1511 638 regio
1549 581 1676 623 Chal-

322 651 508 692 daeorum
530 683 541 699 ,
564 651 614 692 de
649 666 729 706 qua
766 651 890 692 exivit
913 651 1048 693 Thare
1066 659 1183 708 pater
1203 650 1401 700 Abrahae,
1427 659 1470 694 et
1491 652 1532 693 in
1551 651 1679 693 Char-

318 733 412 761 ram
428 720 696 776 demigravit3
723 727 765 762 et
782 720 877 775 quia
898 735 1039 762 secum
1058 721 1201 762 eduxit
1217 729 1413 779 nepotem
1432 736 1555 762 sunm
1571 753 1582 770 ,
1607 721 1678 762 cui

322 790 486 832 dictum
511 789 648 831 suerat
672 805 680 831 :
717 808 731 828 t<
756 791 828 831 Exi
849 793 899 832 de
922 792 1171 848 cognatione
1193 801 1287 839 tua;
1313 810 1328 830 »
1362 792 1679 833 consideremus

319 874 373 901 ne
395 860 502 901 sorte
518 860 597 900 hoc
618 860 669 900 sit
685 859 798 901 exire
820 861 871 901 de
896 868 1004 901 terra
1023 876 1095 901 sua
1114 862 1164 902 de
1185 861 1311 917 hujus
1329 869 1449 902 terrae
1464 893 1475 909 ,
1494 860 1577 902 hoc
1593 868 1677 909 est,

321 929 371 970 de
397 929 582 986 corporIS
604 929 736 970 nostri
767 931 947 985 quadam
971 931 1301 971 commoratione
1326 930 1493 987 egredi,
1518 930 1570 971 de
1595 944 1678 985 qua

320 999 445 1042 exivit
465 1000 617 1041 Paulus
639 999 709 1055 qui
728 999 829 1040 dixit
850 1014 859 1040 z
884 1017 900 1037 «
920 998 1068 1041 Nostra
1092 1008 1231 1041 autem
1258 999 1517 1041 conversatio
1539 999 1583 1040 in
1600 1013 1680 1040 coe-

319 1070 397 1112 »lis
419 1069 503 1112 cst¹
520 1087 531 1118 3
551 1088 567 1109 »
599 1079 641 1111 et
663 1071 715 1111 de
731 1070 938 1111 illecebris
959 1079 1001 1112 et
1018 1071 1366 1112 delectationibus
1389 1069 1681 1127 corporalibus

322 1155 424 1196 quas
457 1141 572 1181 velut
603 1147 801 1197 cognatas
834 1140 981 1182 animae
1007 1148 1158 1181 nostrae
1186 1141 1313 1189 dixit,
1343 1155 1470 1196 quam
1499 1138 1681 1197 compati

322 1225 496 1252 neccsse
519 1218 581 1251 est
603 1210 792 1266 corpori,
814 1211 948 1251 donec
970 1210 1060 1266 ejus
1083 1211 1275 1268 colligata
1290 1211 1460 1252 vinculo
1477 1209 1676 1251 adhaeret.

319 1279 429 1336 Ergo
474 1278 587 1320 exire
638 1281 690 1320 de
727 1279 1044 1321 conversatione
1086 1288 1252 1321 terrena
1278 1312 1288 1327 ‚
1333 1288 1374 1321 et
1415 1278 1684 1321 saecularibus

322 1348 643 1390 oblectamentis
681 1343 734 1390 et>
753 1349 979 1406 superioris
1011 1349 1105 1390 vitae
1141 1349 1330 1390 moribus
1364 1357 1489 1405 atque
1521 1348 1686 1389 actibus

323 1417 552 1466 debemus3
597 1426 645 1459 ut
673 1433 758 1459 non
801 1420 937 1460 solum
974 1419 1087 1467 loca,
1129 1420 1201 1460 sed
1242 1419 1369 1460 etiam
1409 1418 1687 1476 nosmetipsos

325 1496 553 1530 mutemus.
590 1488 631 1529 Si
655 1489 848 1545 cupimus
873 1488 1085 1530 adhaerere
1111 1489 1301 1537 Christo,
1328 1490 1568 1530 deseramus
1588 1488 1712 1529 cor-4

332 1558 563 1615 ruptibilia.
597 1557 706 1599 Sunt
736 1565 876 1598 autem
901 1558 1189 1615 corruptibilia
1213 1559 1254 1599 in
1275 1559 1396 1601 nobis
1413 1573 1531 1606 caro,
1557 1558 1691 1599 delec-

329 1628 431 1670 tatio
449 1660 460 1677 ,
493 1642 574 1669 vox
597 1627 777 1668 obnoxia
812 1628 1075 1684 passionibus
1101 1629 1402 1685 corporalibus.
1439 1628 1518 1670 Per
1540 1641 1690 1669 vocem

333 1706 474 1740 autem
497 1697 710 1755 passiones
733 1697 1017 1753 intelligimus.
1041 1698 1160 1739 Unde
1181 1698 1381 1754 quoniam
1399 1697 1534 1738 anima
1550 1703 1691 1737 nostra

327 1770 460 1821 δεμερὴς
481 1777 566 1816 est,
600 1769 681 1810 hoc
703 1776 766 1810 est
781 1801 792 1817 ‚
818 1768 1014 1826 bipertita
1028 1802 1038 1817 ‚
1062 1776 1105 1810 et
1126 1768 1372 1810 rationabile
1389 1769 1548 1810 habens
1570 1775 1613 1809 et
1632 1765 1693 1808 ir·-

325 1837 596 1887 rationabile,
634 1840 748 1894 quod
786 1838 985 1880 dividitur
1016 1854 1092 1896 per
1127 1853 1298 1880 carnem
1327 1847 1370 1880 et
1401 1836 1690 1880 delectationis

328 1909 559 1965 corporalis
582 1908 802 1950 illecebras
817 1941 828 1956 ,
858 1917 1113 1965 caeterasque
1138 1908 1350 1965 passiones
1379 1907 1566 1964 corporis
1589 1922 1598 1948 :
1617 1905 1691 1963 qui

325 1978 463 2035 justus
485 1987 546 2020 est
569 1978 645 2027 vir,
676 1977 925 2019 rationabile
949 1978 1097 2019 animae
1120 1994 1203 2019 suae
1228 1979 1278 2019 ab
1308 1976 1583 2019 irrationabili
1603 1975 1668 2018 dis

327 2047 503 2105 jungere
526 2049 651 2090 debet
675 2063 722 2089 ac
739 2063 969 2105 segregare.
990 2048 1080 2090 Hoc
1101 2056 1162 2089 est
1180 2048 1292 2089 enim
1314 2048 1428 2089 exire
1443 2049 1496 2089 de
1515 2046 1691 2094 Charra,

329 2125 534 2173 tanquam
566 2118 618 2159 de
644 2117 832 2159 cavernis
855 2116 1108 2173 quibusdam
1123 2149 1134 2165 ,
1165 2125 1207 2158 et
1230 2117 1461 2165 cuniculis,
1487 2115 1698 2158 latibulis-

332 2202 415 2243 que
437 2187 595 2243 egredi.
616 2186 766 2228 Latere
783 2187 894 2228 enim
912 2186 1145 2228 criminosae
1164 2186 1432 2228 conscientiae
1453 2194 1528 2228 est.
1551 2185 1604 2226 Et
1621 2199 1696 2226 nos

335 2255 462 2312 igitur
494 2265 717 2312 sequentes
744 2255 959 2298 Abraham
992 2271 1189 2298 exeamus
1221 2258 1272 2298 de
1301 2255 1495 2298 latibulis.
1523 2254 1700 2296 sienim

335 2325 410 2367 filii
437 2326 620 2368 Abrahae
644 2342 786 2368 sumus
802 2359 813 2375 ,
839 2341 964 2384 opera
992 2325 1172 2368 Abrahae
1201 2327 1431 2374 saciamus3
1460 2333 1505 2366 ut
1528 2326 1699 2367 luceant

334 2410 462 2453 opera
494 2405 635 2438 nostra
669 2411 812 2438 coram
841 2397 953 2444 Deo,
993 2404 1034 2438 et
1077 2412 1220 2438 coram
1252 2395 1509 2439 hominibus.
1533 2394 1696 2436 .Justus

338 2466 439 2508 dicit
469 2481 594 2523 opera
625 2482 699 2508 sua
732 2467 818 2524 regi
845 2482 854 2508 τ
879 2475 1078 2524 peccator
1108 2483 1151 2508 se
1181 2467 1318 2524 ipsum
1344 2468 1553 2514 occultat,
1587 2464 1700 2507 sicut
1740 2495 1742 2518 2

338 2535 473 2577 Adam
495 2551 538 2578 se
563 2537 779 2579 occultare
807 2537 1026 2595 cupiebat,
1055 2537 1128 2579 sed
1154 2538 1284 2580 latere
1305 2551 1390 2579 non
1412 2542 1588 2594 poterat.
1616 2533 1697 2576 Pa-

386 2635 394 2648 ¹
418 2625 536 2669 Philip.
556 2638 607 2665 ¹11,
627 2638 676 2659 20.
