1742 3233
503 336 554 363 DE
588 334 796 363 ΛΒΒΑΠΑΜ.
833 335 910 363 Lm.
950 336 976 362 1.
1331 322 1414 379 547

66 409 186 458 dam,
212 424 315 466 quos
343 410 463 452 nobis
495 402 687 453 volumus
713 409 955 467 adjungere.
992 409 1100 452 Cum
1133 417 1276 453 sancto
1302 410 1415 451 enim

64 487 232 521 sanctus
254 479 333 521 eris
348 513 360 530 ,
385 488 426 522 et
446 495 543 522 cum
564 495 760 537 perverso
780 479 1041 536 perverteris.
1075 478 1117 520 Si
1140 479 1220 521 hoc
1248 479 1288 521 in
1309 478 1412 528 aliis,

64 538 219 604 quanto
241 549 370 607 magis
392 550 434 591 in
453 550 672 607 conjugio,
698 549 769 590 ubi
793 564 875 590 una
900 564 997 590 caro
1014 581 1025 597 ,
1051 557 1092 590 et
1111 564 1220 590 unus
1247 548 1414 605 spiritus

65 625 138 660 est.
155 618 380 669 Quomodo
406 627 545 661 autem
565 627 700 677 potest
713 634 946 676 congruere
969 618 1150 660 charitas
1165 651 1175 667 ,
1202 619 1233 660 si
1253 619 1413 660 discre—

64 695 136 745 pet
158 686 288 729 fides?
309 688 361 730 Et
385 688 477 729 ideo
499 704 622 738 cavo,
645 688 879 730 Christiane
895 721 905 737 ,
925 689 1069 746 gentili
1100 697 1170 730 aut
1193 688 1339 730 Judaeo
1364 687 1415 729 fi-

62 755 160 798 liam
183 764 300 799 tuam
333 759 511 800 tradere.
541 758 672 806 Cave,
696 758 886 815 inquam,
916 759 1113 816 gentilem
1136 767 1206 800 aut
1225 758 1250 800 J
1255 760 1416 800 udaeam

64 832 186 881 atque
204 826 478 884 alienigenam
493 860 504 877 ,
525 828 606 870 hoc
619 836 696 877 est,
716 828 972 878 haereticam,
994 838 1035 871 et
1051 844 1219 871 omnem
1239 828 1416 871 alienam

66 909 87 936 a
97 893 181 937 fide
192 903 263 938 tua
272 912 446 938 uxorem
460 898 654 939 aroesZsias
667 897 898 940 tihi.P1-ima
909 898 1091 955 conjugii
1103 897 1205 940 fides
1217 898 1416 940 castitatis

64 965 195 1021 gratia
210 965 346 1021 ests-Si
365 966 473 1008 idola
496 969 620 1016 colat,
641 982 820 1023 quorum
837 967 1118 1024 praedicantur
1141 967 1359 1016 adulteria,
1383 968 1416 1008 si

66 1032 279 1077 Christum
299 1043 423 1092 neget
444 1036 513 1092 qui
537 1045 836 1093 praeceptor-et
856 1046 1148 1078 remunerator
1165 1043 1227 1079 est
1249 1035 1416 1093 pudici—

63 1103 146 1153 tiae,
167 1107 378 1161 quomodo
395 1114 531 1162 potest
552 1107 724 1163 diligere
741 1107 1016 1164 pudicitiam?
1034 1107 1076 1149 Si
1095 1107 1329 1149 Christiana
1347 1107 1414 1155 sit,

63 1188 148 1216 non
171 1184 232 1216 est
251 1174 363 1224 satis,
383 1176 461 1218 nisi
481 1177 603 1218 ambo
628 1176 778 1219 initiati
802 1176 887 1219 sitis
905 1186 1167 1219 sacramento
1189 1179 1419 1235 baptisma-

64 1243 128 1287 tis.
160 1242 295 1287 Simul
322 1245 373 1286 ad
405 1246 638 1287 orationem
671 1254 797 1288 &octe
824 1248 942 1289 vobis
972 1250 1228 1305 surgendum
1259 1257 1346 1297 est,
1378 1256 1420 1290 et

64 1312 302 1369 conjunctis
328 1316 524 1372 precibus
554 1316 837 1357 obsecrandus
859 1316 984 1358 Deus.
1013 1317 1189 1359 Accedit
1212 1317 1326 1358 aliud
1353 1317 1417 1359 in-

64 1383 178 1441 signe
208 1385 479 1434 casthnoniae,
515 1386 546 1426 si
579 1386 724 1428 credas
751 1402 771 1428 a
792 1385 879 1428 Deo
904 1394 974 1428 tuo
1006 1387 1080 1428 tibi
1112 1388 1225 1443 quod
1247 1387 1417 1429 sortitus

63 1468 122 1503 es,
149 1454 393 1512 eonjugium
417 1457 573 1497 datum.
600 1457 718 1497 L‘nde
740 1465 782 1498 et
803 1456 1001 1498 Salomon
1023 1456 1079 1499 ait
1099 1472 1108 1498 :
1127 1456 1192 1498 «A
1209 1457 1297 1498 Deo
1312 1489 1322 1505 ,
1350 1457 1418 1499 in-

63 1524 207 1580 »quit,
239 1526 542 1583 praeparabitur
570 1526 656 1567 viro
687 1541 793 1567 uxor
816 1526 844 1567 ³.
875 1526 995 1569 »Non
1018 1535 1191 1583 possunt
1222 1527 1305 1569 hoe
1332 1527 1418 1568 dis-

63 1608 183 1650 pares
212 1593 295 1637 fide
324 1597 522 1644 credere,
550 1604 597 1636 ut
630 1596 680 1637 ab
707 1611 757 1637 eo
786 1611 910 1652 quem
935 1611 1019 1637 non
1043 1597 1165 1645 colit,
1190 1605 1308 1654 putet
1340 1598 1425 1640 sihi·

64 1663 263 1705 connubii
292 1664 548 1721 impertitam
576 1665 765 1722 gratiam.
800 1665 920 1707 Ratio
955 1666 1102 1714 docet,
1133 1667 1206 1707 sed
1237 1667 1415 1724 aznplius

63 1735 250 1790 exempla
289 1743 573 1776 commonent.
617 1734 734 1792 Ssepe
772 1735 968 1776 illecebra
1002 1735 1217 1776 muliebris
1255 1736 1420 1792 decepit

64 1802 189 1845 etiam
212 1803 405 1845 fortiores
426 1804 597 1845 maritos
614 1803 627 1824 ²
643 1837 653 1852 ,
678 1814 720 1846 et
737 1820 757 1845 a
774 1805 972 1862 religione
989 1806 1088 1846 fecit
1105 1805 1334 1848 discedere.
1359 1807 1413 1848 Et

64 1871 157 1914 ideo
179 1881 224 1914 tu
240 1875 305 1915 vel
327 1875 458 1915 amori
475 1875 662 1923 consule,
687 1876 751 1916 vel
767 1890 954 1916 errorem
972 1890 1084 1917 cave.
1109 1875 1297 1917 Primum
1319 1891 1417 1931 ergo

64 1942 107 1984 in
125 1944 320 2001 conjugio
335 1945 480 2002 religio
496 1945 708 2002 quaeritur.
725 1946 823 1988 Ideo
837 1946 1051 1988 Abraham
1066 1947 1299 2003 proximam
1311 1962 1420 2003 quae-

65 2012 159 2055 sivit
189 2015 289 2056 dare
311 2013 395 2057 filio
417 2030 505 2056 suo.

121 2082 333 2127 LXXXV.
362 2085 412 2126 Et
432 2093 478 2126 tu
504 2085 738 2142 proximam
767 2100 919 2141 quaere.
947 2084 1051 2136 Quis
1080 2094 1144 2128 est
1170 2086 1417 2143 proximus?

77 2168 93 2193 a
116 2151 200 2203 Qui
225 2153 348 2202 fecit,
378 2154 512 2210 inquit
529 2187 539 2203 ,
566 2155 899 2196 misericordiam
927 2153 954 2195 ³.
988 2155 1065 2195 »In
1090 2146 1312 2212 Evangelio
1334 2155 1415 2197 hoc

67 2220 169 2263 dixit
189 2222 393 2266 Dominus
414 2224 548 2266 Jesus.
566 2224 619 2267 Et
643 2233 688 2265 tu
711 2224 944 2282 proximam
969 2224 1135 2265 seminis
1154 2224 1332 2266 Abrahae
1356 2240 1418 2266 re-

67 2291 202 2347 quire,
215 2301 257 2334 et
272 2295 550 2351 propinquam
568 2295 747 2352 proximi
767 2287 838 2336 tui.
862 2294 1016 2335 Semen
1035 2294 1214 2336 Abrahae
1228 2294 1418 2336 Christus

67 2369 143 2410 est,
166 2362 254 2419 ipse
271 2372 334 2405 est
354 2365 570 2421 proximus
594 2365 783 2407 omnium
798 2398 809 2413 ‚
830 2364 900 2420 qui
918 2379 1044 2421 super
1064 2379 1207 2406 omnes
1225 2364 1323 2406 fecit
1338 2364 1421 2406 mi-

67 2430 336 2474 sericordiam
351 2466 362 2482 ,
388 2435 536 2476 tollens
557 2443 781 2492 peccatum
811 2434 972 2475 mundi.
1005 2433 1128 2475 Disce
1150 2433 1300 2475 deinde
1321 2433 1422 2490 quid

67 2499 111 2543 in
131 2516 260 2543 uxore
281 2512 492 2559 quaeratur
516 2520 524 2546 :
551 2520 636 2547 non
669 2520 838 2552 aurum,
868 2519 953 2545 non
981 2512 1200 2561 argentum
1234 2504 1422 2560 quaesivit

65 2567 294 2622 Abraham,
319 2588 405 2616 non
426 2575 730 2631 possessiones,
753 2576 826 2617 sed
846 2574 1025 2632 gratiam
1045 2574 1167 2617 bonae
1190 2574 1356 2618 indolis.

116 2669 126 2685 ¹
142 2662 235 2697 Prov.
253 2674 323 2705 xm,
344 2665 396 2704 14.
413 2684 453 2692 -
471 2676 483 2691 ²
502 2667 521 2698 ὅ
543 2666 622 2709 Reg.
640 2678 686 2707 xr,
705 2667 740 2705 4.
761 2685 802 2693 -
821 2669 836 2691 ³
855 2669 932 2700 Luc.
951 2678 982 2705 x,
998 2667 1051 2710 57.

1172 2720 1239 2763 35.
