1747 3260
473 280 764 307 nExAEMEItON.
803 280 882 307 LIB.
922 281 982 307 111.
1323 281 1404 309 101

101 361 266 404 XXIX.
303 359 416 411 Quid
443 366 581 400 autem
612 367 813 400 creaturae
850 358 976 415 hujus
1008 366 1189 400 attexam
1222 358 1409 400 miracu·

43 433 151 480 lum,
177 439 218 472 et
239 429 448 487 sapientia:
472 429 712 486 operatricis
744 437 1038 486 argumentum
1060 428 1292 484 exprimam
1313 427 1330 468 ἶ)
1352 428 1402 469 ln

43 502 123 544 hac
140 501 252 542 enim
274 500 510 557 germinum
529 498 667 556 specie
683 531 693 547 ,
714 506 754 540 et
778 499 847 540 illo
869 499 1039 540 virentis
1061 498 1202 540 herbae
1225 512 1405 540 munere

44 571 183 628 imago
206 578 268 612 est
282 570 376 611 vitae
399 569 615 618 humanae,
642 577 681 610 et
705 578 865 611 naturae
889 568 1225 625 conditionisque
1251 576 1409 610 nostrze

49 641 209 698 insigne
223 642 433 697 quoddam
450 648 678 697 spectatur,
699 648 740 681 et
761 641 980 697 speculum
999 641 1148 681 clucet.
1177 640 1250 680 Illa
1270 639 1406 680 herba

44 719 86 753 et
108 711 184 752 ssos
207 710 305 752 soeni
329 710 459 768 figura
477 718 539 751 est
561 709 697 751 earnis
719 709 928 758 humanae,
949 710 1058 751 sicut
1082 710 1216 750 honus
1239 709 1408 750 Divini-

45 781 139 822 tatis
162 781 373 838 Interpres
395 794 551 837 organo
574 795 657 821 suae
679 780 794 821 vocis
816 780 1044 837 expressit,
1073 780 1214 821 dicens
1233 795 1241 820 :
1274 798 1289 817 «
1314 779 1409 820 Cla-

44 869 60 891 »
74 866 153 892 ma.
178 851 292 902 Quid
314 851 510 892 clamabo
530 849 548 891 ἶ)
565 843 713 892 01111115
736 865 833 891 caro
853 849 1029 897 foenum,
1057 859 1097 891 et
1116 850 1250 891 omnis
1268 849 1403 907 gloria

50 920 260 962 »hominis
284 929 325 962 ut
346 921 420 963 [los
444 920 554 962 foeni.
582 920 702 962 Aruit
720 920 901 968 soenum,
931 929 972 961 et
998 920 1074 961 ssos
1098 919 1253 961 decidit
1273 934 1281 960 ε
1308 935 1408 960 ver-

45 991 176 1032 »bum
198 998 339 1032 autem
370 990 538 1032 Domini
555 998 695 1031 manet
718 990 757 1031 in
782 998 987 1031 aeternum
1005 989 1034 1031 ¹.
1059 1008 1073 1027 »
1102 989 1179 1030 Dei
1197 988 1407 1030 sententia

47 1075 128 1102 vox
148 1060 332 1102 humana
356 1068 429 1101 est.
456 1059 567 1101 Dicit
583 1061 721 1102 Deus:
748 1078 762 1097 «
782 1060 946 1102 Clama:
968 1078 982 1098 »
1021 1061 1093 1101 sed
1116 1060 1156 1100 in
1180 1059 1267 1116 ipso
1285 1059 1408 1100 Esaia

44 1131 243 1187 loquitur.
280 1131 354 1172 Ille
383 1130 598 1187 respondit
629 1145 636 1171 :
675 1148 690 1167 «
714 1130 828 1181 Quid
851 1130 1073 1171 clamabo?
1092 1148 1106 1167 n
1132 1130 1181 1170 Et
1202 1137 1408 1185 tanquam

45 1201 146 1258 quid
177 1203 421 1258 loqueretur
466 1201 675 1249 audisset,
715 1200 937 1257 adjunxit:
975 1200 1162 1241 «Omnis
1194 1214 1291 1241 earo
1327 1198 1407 1239 foe—

45 1286 191 1312 nuum.
215 1289 230 1309 »
265 1271 314 1312 Et
336 1285 455 1318 vere3
480 1269 584 1311 viret
601 1270 711 1311 enin]
732 1270 861 1327 gloria
880 1270 1060 1311 hominis
1084 1270 1124 1310 in
1142 1284 1267 1311 carne
1290 1267 1409 1325 quasi

45 1341 202 1382 foenum
224 1356 233 1383 ε
254 1349 294 1383 et
318 1356 409 1398 quae
431 1348 605 1398 putatur
627 1340 942 1388 essesuhlimis,
966 1341 1111 1398 exigua
1134 1340 1251 1396 quasi
1276 1340 1409 1381 herba

45 1418 124 1460 est,
148 1419 396 1468 praematura
415 1419 461 1451 ut
477 1409 569 1459 1105,
595 1411 753 1452 caduca
771 1410 888 1467 quasi
907 1410 1066 1451 foenum
1089 1409 1300 1467 germinat
1312 1409 1411 1450 vitaz

45 1480 296 1522 viriditatem
316 1481 357 1522 in
374 1480 532 1537 specie,
555 1495 640 1521 non
664 1481 704 1521 in
727 1480 868 1521 fructu
891 1480 1144 1521 soliditatem
1159 1511 1169 1527 ,
1192 1478 1408 1520 hilarioris

45 1551 139 1593 vitae
165 1551 281 1608 quasi
306 1550 383 1593 ssos
416 1552 680 1609 praetendens
708 1550 1037 1607 jucunditatem,
1068 1548 1250 1590 breviori
1275 1548 1412 1607 spatio

47 1635 245 1662 occasura
262 1652 273 1669 ,
308 1620 415 1662 sicut
441 1619 569 1662 herba
598 1619 724 1669 soeni,
751 1621 863 1676 quod
886 1619 1002 1677 prins
1029 1634 1155 1675 quam
1183 1619 1413 1665 evellatur,

48 1692 210 1734 arescit,
237 1690 342 1743 Quae
365 1691 479 1733 enim
498 1690 714 1733 firmitudo
738 1691 780 1732 in
807 1690 964 1733 carne?
983 1706 1074 1747 quse
1099 1689 1318 1732 salubritas
1341 1701 1417 1745 po*-

0 1751 1 1821 1
51 1770 130 1804 test
152 1777 242 1804 0550
264 1761 495 1804 diuturna?

0 1830 2 1874 1
104 1833 249 1876 XXX.
286 1827 420 1875 Hodie
443 1832 584 1875 videas
602 1833 910 1874 adolescentem
932 1831 1117 1873 validum
1131 1862 1141 1878 ,
1166 1830 1414 1887 pubescen-

0 1889 2 1963 1
47 1911 157 1952 tem,
194 1903 325 1945 {etatis
356 1903 563 1945 viriditate
595 1902 837 1951 florentem,
865 1910 980 1960 grata
1006 1900 1169 1959 speeie,
1202 1900 1316 1942 suavi
1341 1915 1412 1942 co-

47 1974 166 2023 lore3
197 1974 376 2016 crastina
403 1974 470 2016 die
496 1973 571 2015 tibi
599 1973 704 2015 facie
733 1981 775 2015 et
797 1988 869 2014 ore
895 1979 1082 2014 mutatus
1114 1970 1300 2012 occurrit
1324 1984 1332 2010 :
1365 1977 1411 2012 et

12 2052 17 2055 “
47 2044 118 2101 qui
138 2044 272 2102 pridie
293 2044 369 2086 tibi
389 2043 644 2086 lautissimus
668 2045 831 2086 decorae
856 2043 999 2085 formae
1021 2041 1131 2083 visus
1158 2048 1220 2082 est
1242 2039 1373 2098 gratia
1388 2070 1405 2089 ,

48 2114 127 2156 alio
139 2115 205 2156 die
228 2115 490 2157 miserandus
503 2113 945 2172 apparetaegritudinis
969 2111 1146 2168 alicujus
1165 2109 1415 2152 infirmitate

48 2186 267 2227 resolutus.
290 2185 516 2242 Plerosque
530 2193 600 2226 aut
616 2185 736 2226 labor
755 2184 924 2241 frangit,
952 2191 1019 2224 aut
1039 2182 1178 2240 inopia
1200 2187 1415 2228 macerat,

49 2263 121 2297 aut
138 2255 321 2297 cruditas
337 2263 472 2304 vexat,
493 2264 564 2298 aut
588 2255 680 2296 vina
704 2262 1006 2312 corrumpunt,
1030 2261 1100 2295 aut
1124 2260 1316 2295 senectus
1337 2251 1409 2293 de-

0 2383 2 2387 ,
48 2325 210 2374 bilitat,
245 2334 316 2368 aut
344 2326 523 2368 eviratos
556 2325 715 2368 deliciae
744 2327 954 2373 reddunt,
984 2323 1147 2365 luxuria
1181 2322 1398 2363 decolorat

0 2375 7 2458 1
53 2395 201 2438 Nonne
222 2411 369 2438 verum
392 2404 470 2445 est,
489 2397 586 2453 quia
606 2396 714 2438 aruit
730 2395 889 2437 foenum
903 2428 912 2443 ,
933 2403 974 2436 et
990 2395 1066 2436 ssos
1089 2391 1274 2436 decidit?
1296 2390 1419 2433 Alius

0 2463 8 2533 1
52 2465 135 2507 avis
152 2466 363 2524 atavisque
385 2467 552 2515 nobilis,
579 2475 620 2509 et
641 2465 851 2522 majorum
863 2465 1107 2506 honestatus
1129 2460 1286 2510 infulis,
1313 2474 1421 2518 pro-

0 2537 8 2596 1
52 2535 175 2593 sapiae
199 2536 349 2579 veteris
372 2538 508 2579 clarus
532 2536 786 2594 insignib11S‚
812 2534 956 2578 amicis
975 2534 1209 2581 abundans,
1236 2531 1419 2589 stipatus

97 2633 108 2650 ⁸
129 2627 205 2662 lsai.
222 2640 274 2671 xz,
290 2629 362 2662 6-8.
