<?xml version="1.0" encoding="UTF-8"?>
<!DOCTYPE html PUBLIC "-//W3C//DTD XHTML 1.0 Transitional//EN"
    "http://www.w3.org/TR/xhtml1/DTD/xhtml1-transitional.dtd">
<html xmlns="http://www.w3.org/1999/xhtml" xml:lang="en" lang="en">
 <head>
  <title>
</title>
<meta http-equiv="Content-Type" content="text/html;charset=utf-8" />
  <meta name='ocr-system' content='tesseract 3.04.00' />
  <meta name='ocr-capabilities' content='ocr_page ocr_carea ocr_par ocr_line ocrx_word'/>
</head>
<body>
  <div class='ocr_page' id='page_1' title='image "./omniaequaeextant01ambruoft_0317.png"; bbox 0 0 1742 3233; ppageno 0'>
   <div class='ocr_carea' id='block_1_1' title="bbox 399 272 1384 320">
    <p class='ocr_par' dir='ltr' id='par_1_1' title="bbox 399 272 1384 320">
     <span class='ocr_line' id='line_1_1' title="bbox 399 272 1384 320; baseline 0.006 -20"><span class='ocrx_word' id='word_1_1' title='bbox 399 274 451 301; x_wconf 76' lang='lat' dir='ltr'>DE</span> <span class='ocrx_word' id='word_1_2' title='bbox 484 272 695 302; x_wconf 78' lang='lat' dir='ltr'>rAnAmso.</span> <span class='ocrx_word' id='word_1_3' title='bbox 735 275 854 305; x_wconf 66' lang='lat' dir='ltr'>unna</span> <span class='ocrx_word' id='word_1_4' title='bbox 887 275 1002 303; x_wconf 67' lang='lat' dir='ltr'>Unus.</span> <span class='ocrx_word' id='word_1_5' title='bbox 1303 278 1384 320; x_wconf 80' lang='lat'>297</span> 
     </span>
    </p>
   </div>
   <div class='ocr_carea' id='block_1_2' title="bbox 30 341 1399 2158">
    <p class='ocr_par' dir='ltr' id='par_1_2' title="bbox 31 341 1393 672">
     <span class='ocr_line' id='line_1_2' title="bbox 33 341 1390 410; baseline 0.003 -18"><span class='ocrx_word' id='word_1_6' title='bbox 33 341 331 406; x_wconf 82' lang='lat' dir='ltr'>imperaverat:</span> <span class='ocrx_word' id='word_1_7' title='bbox 352 349 404 390; x_wconf 87' lang='lat' dir='ltr'>do</span> <span class='ocrx_word' id='word_1_8' title='bbox 425 349 535 407; x_wconf 84' lang='lat' dir='ltr'>ligno</span> <span class='ocrx_word' id='word_1_9' title='bbox 559 358 712 399; x_wconf 83' lang='lat' dir='ltr'>autem,</span> <span class='ocrx_word' id='word_1_10' title='bbox 731 351 844 407; x_wconf 87' lang='lat' dir='ltr'>quod</span> <span class='ocrx_word' id='word_1_11' title='bbox 866 360 928 393; x_wconf 81' lang='lat' dir='ltr'>est</span> <span class='ocrx_word' id='word_1_12' title='bbox 950 352 991 393; x_wconf 91' lang='lat' dir='ltr'>in</span> <span class='ocrx_word' id='word_1_13' title='bbox 1014 352 1152 394; x_wconf 86' lang='lat' dir='ltr'>medio</span> <span class='ocrx_word' id='word_1_14' title='bbox 1181 354 1390 410; x_wconf 82' lang='lat' dir='ltr'>paradiso,</span> 
     </span>
     <span class='ocr_line' id='line_1_3' title="bbox 33 420 1390 478; baseline 0.001 -16"><span class='ocrx_word' id='word_1_15' title='bbox 33 420 282 477; x_wconf 85' lang='lat' dir='ltr'>imperatum</span> <span class='ocrx_word' id='word_1_16' title='bbox 301 436 321 461; x_wconf 86' lang='lat' dir='ltr'>a</span> <span class='ocrx_word' id='word_1_17' title='bbox 339 420 426 461; x_wconf 87' lang='lat' dir='ltr'>Deo</span> <span class='ocrx_word' id='word_1_18' title='bbox 445 421 546 462; x_wconf 85' lang='lat' dir='ltr'>dicit</span> <span class='ocrx_word' id='word_1_19' title='bbox 563 436 646 463; x_wconf 88' lang='lat' dir='ltr'>non</span> <span class='ocrx_word' id='word_1_20' title='bbox 664 437 753 463; x_wconf 83' lang='grc'><strong>6556</strong></span> <span class='ocrx_word' id='word_1_21' title='bbox 770 424 1041 478; x_wconf 80' lang='lat' dir='ltr'>gustandum,</span> <span class='ocrx_word' id='word_1_22' title='bbox 1062 438 1116 464; x_wconf 90' lang='lat' dir='ltr'>ne</span> <span class='ocrx_word' id='word_1_23' title='bbox 1135 432 1274 465; x_wconf 84' lang='lat' dir='ltr'>morte</span> <span class='ocrx_word' id='word_1_24' title='bbox 1296 440 1390 464; x_wconf 94' lang='lat' dir='ltr'>mo-</span> 
     </span>
     <span class='ocr_line' id='line_1_4' title="bbox 32 490 1393 547; baseline 0.001 -14"><span class='ocrx_word' id='word_1_25' title='bbox 32 498 238 533; x_wconf 85' lang='lat' dir='ltr'>rerentur.</span> <span class='ocrx_word' id='word_1_26' title='bbox 262 491 370 547; x_wconf 84' lang='lat' dir='ltr'>Ergo</span> <span class='ocrx_word' id='word_1_27' title='bbox 388 490 481 547; x_wconf 84' lang='lat' dir='ltr'>quia</span> <span class='ocrx_word' id='word_1_28' title='bbox 501 491 619 533; x_wconf 80' lang='lat' dir='ltr'>scivit</span> <span class='ocrx_word' id='word_1_29' title='bbox 637 492 910 534; x_wconf 85' lang='lat' dir='ltr'>deserendum</span> <span class='ocrx_word' id='word_1_30' title='bbox 928 508 1017 534; x_wconf 79' lang='lat' dir='ltr'>esse</span> <span class='ocrx_word' id='word_1_31' title='bbox 1036 495 1253 541; x_wconf 85' lang='lat' dir='ltr'>mandato,</span> <span class='ocrx_word' id='word_1_32' title='bbox 1273 494 1393 535; x_wconf 77' lang='lat' dir='ltr'>scivit</span> 
     </span>
     <span class='ocr_line' id='line_1_5' title="bbox 32 561 1390 621; baseline 0.002 -19"><span class='ocrx_word' id='word_1_33' title='bbox 32 561 176 616; x_wconf 85' lang='lat' dir='ltr'>utique</span> <span class='ocrx_word' id='word_1_34' title='bbox 203 562 360 603; x_wconf 84' lang='lat' dir='ltr'>malum</span> <span class='ocrx_word' id='word_1_35' title='bbox 389 577 478 603; x_wconf 79' lang='lat' dir='ltr'>csso</span> <span class='ocrx_word' id='word_1_36' title='bbox 507 562 788 619; x_wconf 82' lang='lat' dir='ltr'>praevaricari,</span> <span class='ocrx_word' id='word_1_37' title='bbox 811 571 853 604; x_wconf 80' lang='lat' dir='ltr'>et</span> <span class='ocrx_word' id='word_1_38' title='bbox 876 562 969 604; x_wconf 91' lang='lat' dir='ltr'>ideo</span> <span class='ocrx_word' id='word_1_39' title='bbox 991 562 1101 619; x_wconf 83' lang='lat' dir='ltr'>juste</span> <span class='ocrx_word' id='word_1_40' title='bbox 1122 564 1390 621; x_wconf 82' lang='lat' dir='ltr'>praevaricata</span> 
     </span>
     <span class='ocr_line' id='line_1_6' title="bbox 31 632 268 672; baseline 0 0"><span class='ocrx_word' id='word_1_41' title='bbox 31 632 268 672; x_wconf 71' lang='lat' dir='ltr'>damnatur.</span> 
     </span>
    </p>

    <p class='ocr_par' dir='ltr' id='par_1_3' title="bbox 30 700 1399 2019">
     <span class='ocr_line' id='line_1_7' title="bbox 87 700 1391 762; baseline 0.002 -19"><span class='ocrx_word' id='word_1_42' title='bbox 87 700 287 743; x_wconf 69' lang='lat' dir='ltr'>XXXIII.</span> <span class='ocrx_word' id='word_1_43' title='bbox 325 701 481 759; x_wconf 81' lang='lat' dir='ltr'><strong>Accipe</strong></span> <span class='ocrx_word' id='word_1_44' title='bbox 506 703 643 745; x_wconf 85' lang='lat' dir='ltr'>aliud:</span> <span class='ocrx_word' id='word_1_45' title='bbox 671 703 714 745; x_wconf 85' lang='lat' dir='ltr'>Si</span> <span class='ocrx_word' id='word_1_46' title='bbox 739 704 966 761; x_wconf 73' lang='lat' dir='ltr'>assumptio</span> <span class='ocrx_word' id='word_1_47' title='bbox 992 705 1042 747; x_wconf 84' lang='lat' dir='ltr'>de</span> <span class='ocrx_word' id='word_1_48' title='bbox 1067 705 1180 762; x_wconf 77' lang='lat' dir='ltr'>ligno</span> <span class='ocrx_word' id='word_1_49' title='bbox 1207 704 1391 746; x_wconf 80' lang='lat' dir='ltr'>scientia:</span> 
     </span>
     <span class='ocr_line' id='line_1_8' title="bbox 30 771 1389 832; baseline 0.003 -21"><span class='ocrx_word' id='word_1_50' title='bbox 30 771 129 812; x_wconf 83' lang='lat' dir='ltr'>boni</span> <span class='ocrx_word' id='word_1_51' title='bbox 145 779 187 812; x_wconf 80' lang='lat' dir='ltr'>et</span> <span class='ocrx_word' id='word_1_52' title='bbox 202 771 300 812; x_wconf 87' lang='lat' dir='ltr'>mali</span> <span class='ocrx_word' id='word_1_53' title='bbox 318 771 373 812; x_wconf 84' lang='lat' dir='ltr'>ita</span> <span class='ocrx_word' id='word_1_54' title='bbox 390 772 623 829; x_wconf 86' lang='lat' dir='ltr'>operatoria</span> <span class='ocrx_word' id='word_1_55' title='bbox 641 782 745 821; x_wconf 83' lang='lat' dir='ltr'>erat,</span> <span class='ocrx_word' id='word_1_56' title='bbox 767 783 813 816; x_wconf 82' lang='lat' dir='ltr'>ut</span> <span class='ocrx_word' id='word_1_57' title='bbox 829 776 987 816; x_wconf 86' lang='lat' dir='ltr'>honum</span> <span class='ocrx_word' id='word_1_58' title='bbox 1006 784 1047 816; x_wconf 88' lang='lat' dir='ltr'>et</span> <span class='ocrx_word' id='word_1_59' title='bbox 1064 777 1223 817; x_wconf 89' lang='lat' dir='ltr'>malum</span> <span class='ocrx_word' id='word_1_60' title='bbox 1243 791 1389 832; x_wconf 74' lang='lat' dir='ltr'>agnos-</span> 
     </span>
     <span class='ocr_line' id='line_1_9' title="bbox 31 842 1391 899; baseline 0.002 -17"><span class='ocrx_word' id='word_1_61' title='bbox 31 848 225 888; x_wconf 81' lang='lat' dir='ltr'>ceretur3</span> <span class='ocrx_word' id='word_1_62' title='bbox 265 842 377 897; x_wconf 78' lang='lat' dir='ltr'>quod</span> <span class='ocrx_word' id='word_1_63' title='bbox 407 842 571 883; x_wconf 67' lang='lat' dir='ltr'>videtur</span> <span class='ocrx_word' id='word_1_64' title='bbox 600 842 813 899; x_wconf 83' lang='lat' dir='ltr'>Scriptura</span> <span class='ocrx_word' id='word_1_65' title='bbox 849 846 1086 893; x_wconf 75' lang='lat' dir='ltr'>ostendere,</span> <span class='ocrx_word' id='word_1_66' title='bbox 1123 846 1224 886; x_wconf 88' lang='lat' dir='ltr'>dum</span> <span class='ocrx_word' id='word_1_67' title='bbox 1258 844 1391 886; x_wconf 87' lang='lat' dir='ltr'>dicit:</span> 
     </span>
     <span class='ocr_line' id='line_1_10' title="bbox 42 910 1386 970; baseline 0.004 -21"><span class='ocrx_word' id='word_1_68' title='bbox 42 910 177 961; x_wconf 80' lang='lat' dir='ltr'>«Quia</span> <span class='ocrx_word' id='word_1_69' title='bbox 196 910 268 951; x_wconf 79' lang='lat' dir='ltr'>uhi</span> <span class='ocrx_word' id='word_1_70' title='bbox 287 912 649 953; x_wconf 75' lang='lat' dir='ltr'>manducaverunt</span> <span class='ocrx_word' id='word_1_71' title='bbox 668 914 807 961; x_wconf 79' lang='lat' dir='ltr'>ambo,</span> <span class='ocrx_word' id='word_1_72' title='bbox 824 915 956 970; x_wconf 78' lang='lat' dir='ltr'>aperti</span> <span class='ocrx_word' id='word_1_73' title='bbox 975 923 1071 955; x_wconf 81' lang='lat' dir='ltr'>sunt</span> <span class='ocrx_word' id='word_1_74' title='bbox 1090 915 1200 956; x_wconf 87' lang='lat' dir='ltr'>oculi</span> <span class='ocrx_word' id='word_1_75' title='bbox 1221 930 1386 961; x_wconf 82' lang='lat' dir='ltr'>eorum,</span> 
     </span>
     <span class='ocr_line' id='line_1_11' title="bbox 30 983 1399 1041; baseline 0.004 -22"><span class='ocrx_word' id='word_1_76' title='bbox 30 999 45 1019; x_wconf 90' lang='lat'>»</span> <span class='ocrx_word' id='word_1_77' title='bbox 61 989 103 1022; x_wconf 80' lang='lat' dir='ltr'>et</span> <span class='ocrx_word' id='word_1_78' title='bbox 126 990 414 1037; x_wconf 76' lang='lat' dir='ltr'>cognoverunt</span> <span class='ocrx_word' id='word_1_79' title='bbox 437 983 550 1038; x_wconf 76' lang='lat' dir='ltr'>quod</span> <span class='ocrx_word' id='word_1_80' title='bbox 574 983 675 1024; x_wconf 84' lang='lat' dir='ltr'>nudi</span> <span class='ocrx_word' id='word_1_81' title='bbox 706 984 863 1025; x_wconf 75' lang='lat' dir='ltr'>cssent¹</span> <span class='ocrx_word' id='word_1_82' title='bbox 883 1001 893 1031; x_wconf 81' lang='lat'>3</span> <span class='ocrx_word' id='word_1_83' title='bbox 915 1003 930 1023; x_wconf 84' lang='lat'>»</span> <span class='ocrx_word' id='word_1_84' title='bbox 945 985 1025 1025; x_wconf 88' lang='lat' dir='ltr'>hoc</span> <span class='ocrx_word' id='word_1_85' title='bbox 1047 992 1124 1031; x_wconf 78' lang='lat' dir='ltr'>cst,</span> <span class='ocrx_word' id='word_1_86' title='bbox 1151 985 1280 1041; x_wconf 85' lang='lat' dir='ltr'>aperti</span> <span class='ocrx_word' id='word_1_87' title='bbox 1303 992 1399 1025; x_wconf 76' lang='lat' dir='ltr'>sunt</span> 
     </span>
     <span class='ocr_line' id='line_1_12' title="bbox 31 1050 1390 1109; baseline 0.001 -19"><span class='ocrx_word' id='word_1_88' title='bbox 31 1050 141 1091; x_wconf 89' lang='lat' dir='ltr'>oculi</span> <span class='ocrx_word' id='word_1_89' title='bbox 165 1050 325 1098; x_wconf 76' lang='lat' dir='ltr'>cordis,</span> <span class='ocrx_word' id='word_1_90' title='bbox 351 1059 392 1092; x_wconf 90' lang='lat' dir='ltr'>et</span> <span class='ocrx_word' id='word_1_91' title='bbox 416 1060 704 1107; x_wconf 78' lang='lat' dir='ltr'>cognoverunt</span> <span class='ocrx_word' id='word_1_92' title='bbox 726 1051 849 1108; x_wconf 78' lang='lat' dir='ltr'>turpe</span> <span class='ocrx_word' id='word_1_93' title='bbox 874 1068 961 1094; x_wconf 84' lang='grc'><strong>6556</strong></span> <span class='ocrx_word' id='word_1_94' title='bbox 984 1054 1118 1093; x_wconf 85' lang='lat' dir='ltr'>nudos</span> <span class='ocrx_word' id='word_1_95' title='bbox 1143 1069 1185 1093; x_wconf 89' lang='grc'>56</span> <span class='ocrx_word' id='word_1_96' title='bbox 1209 1054 1360 1109; x_wconf 80' lang='lat' dir='ltr'>degere</span> <span class='ocrx_word' id='word_1_97' title='bbox 1381 1066 1390 1092; x_wconf 91' lang='lat'>:</span> 
     </span>
     <span class='ocr_line' id='line_1_13' title="bbox 31 1119 1394 1179; baseline 0.004 -20"><span class='ocrx_word' id='word_1_98' title='bbox 31 1119 116 1160; x_wconf 85' lang='lat' dir='ltr'>sine</span> <span class='ocrx_word' id='word_1_99' title='bbox 146 1119 273 1161; x_wconf 83' lang='lat' dir='ltr'>dubio</span> <span class='ocrx_word' id='word_1_100' title='bbox 304 1121 375 1161; x_wconf 82' lang='lat' dir='ltr'>ubi</span> <span class='ocrx_word' id='word_1_101' title='bbox 408 1122 586 1177; x_wconf 62' lang='lat' dir='ltr'>gustavit</span> <span class='ocrx_word' id='word_1_102' title='bbox 618 1122 769 1162; x_wconf 78' lang='lat' dir='ltr'>mulier</span> <span class='ocrx_word' id='word_1_103' title='bbox 800 1124 851 1163; x_wconf 88' lang='lat' dir='ltr'>de</span> <span class='ocrx_word' id='word_1_104' title='bbox 875 1123 987 1179; x_wconf 57' lang='lat' dir='ltr'>ligno</span> <span class='ocrx_word' id='word_1_105' title='bbox 1012 1123 1195 1165; x_wconf 79' lang='lat' dir='ltr'>scientiae</span> <span class='ocrx_word' id='word_1_106' title='bbox 1227 1122 1327 1164; x_wconf 84' lang='lat' dir='ltr'>boni</span> <span class='ocrx_word' id='word_1_107' title='bbox 1353 1131 1394 1164; x_wconf 84' lang='lat' dir='ltr'>et</span> 
     </span>
     <span class='ocr_line' id='line_1_14' title="bbox 32 1189 1396 1249; baseline 0.003 -20"><span class='ocrx_word' id='word_1_108' title='bbox 32 1189 144 1236; x_wconf 83' lang='lat' dir='ltr'>mali,</span> <span class='ocrx_word' id='word_1_109' title='bbox 171 1189 360 1245; x_wconf 67' lang='lat' dir='ltr'>peccavit</span> <span class='ocrx_word' id='word_1_110' title='bbox 380 1198 422 1230; x_wconf 81' lang='lat' dir='ltr'>et</span> <span class='ocrx_word' id='word_1_111' title='bbox 443 1205 485 1230; x_wconf 89' lang='grc'>56</span> <span class='ocrx_word' id='word_1_112' title='bbox 507 1205 705 1247; x_wconf 76' lang='lat' dir='ltr'>peccasse</span> <span class='ocrx_word' id='word_1_113' title='bbox 727 1193 937 1247; x_wconf 72' lang='lat' dir='ltr'>cognovit.</span> <span class='ocrx_word' id='word_1_114' title='bbox 966 1193 1071 1243; x_wconf 80' lang='lat' dir='ltr'>Quae</span> <span class='ocrx_word' id='word_1_115' title='bbox 1096 1193 1221 1249; x_wconf 81' lang='lat' dir='ltr'>igitur</span> <span class='ocrx_word' id='word_1_116' title='bbox 1239 1208 1283 1233; x_wconf 83' lang='lat' dir='ltr'>se</span> <span class='ocrx_word' id='word_1_117' title='bbox 1300 1207 1396 1249; x_wconf 88' lang='lat' dir='ltr'>pec-</span> 
     </span>
     <span class='ocr_line' id='line_1_15' title="bbox 31 1261 1395 1318; baseline 0.003 -18"><span class='ocrx_word' id='word_1_118' title='bbox 31 1274 146 1301; x_wconf 82' lang='lat' dir='ltr'>casse</span> <span class='ocrx_word' id='word_1_119' title='bbox 172 1267 438 1315; x_wconf 77' lang='lat' dir='ltr'>cognoverat,</span> <span class='ocrx_word' id='word_1_120' title='bbox 465 1261 530 1301; x_wconf 71' lang='lat' dir='ltr'>vel</span> <span class='ocrx_word' id='word_1_121' title='bbox 551 1261 687 1302; x_wconf 85' lang='lat' dir='ltr'>virum</span> <span class='ocrx_word' id='word_1_122' title='bbox 711 1263 758 1302; x_wconf 82' lang='lat' dir='ltr'>ad</span> <span class='ocrx_word' id='word_1_123' title='bbox 782 1262 947 1318; x_wconf 82' lang='lat' dir='ltr'>peccati</span> <span class='ocrx_word' id='word_1_124' title='bbox 970 1264 1314 1304; x_wconf 80' lang='lat' dir='ltr'>communionem</span> <span class='ocrx_word' id='word_1_125' title='bbox 1335 1263 1395 1304; x_wconf 87' lang='lat' dir='ltr'>in—</span> 
     </span>
     <span class='ocr_line' id='line_1_16' title="bbox 31 1328 1396 1381; baseline 0.002 -10"><span class='ocrx_word' id='word_1_126' title='bbox 31 1328 159 1371; x_wconf 84' lang='lat' dir='ltr'>vitare</span> <span class='ocrx_word' id='word_1_127' title='bbox 193 1345 278 1370; x_wconf 85' lang='lat' dir='ltr'>non</span> <span class='ocrx_word' id='word_1_128' title='bbox 310 1329 467 1371; x_wconf 77' lang='lat' dir='ltr'>debuit.</span> <span class='ocrx_word' id='word_1_129' title='bbox 509 1330 725 1372; x_wconf 72' lang='lat' dir='ltr'>illiciendo</span> <span class='ocrx_word' id='word_1_130' title='bbox 760 1340 898 1373; x_wconf 74' lang='lat' dir='ltr'>autem</span> <span class='ocrx_word' id='word_1_131' title='bbox 929 1332 1082 1381; x_wconf 81' lang='lat' dir='ltr'>virum,</span> <span class='ocrx_word' id='word_1_132' title='bbox 1118 1342 1159 1374; x_wconf 89' lang='lat' dir='ltr'>et</span> <span class='ocrx_word' id='word_1_133' title='bbox 1193 1334 1330 1374; x_wconf 88' lang='lat' dir='ltr'>dando</span> <span class='ocrx_word' id='word_1_134' title='bbox 1358 1333 1396 1374; x_wconf 93' lang='lat' dir='ltr'>ei</span> 
     </span>
     <span class='ocr_line' id='line_1_17' title="bbox 35 1399 1389 1459; baseline 0.003 -20"><span class='ocrx_word' id='word_1_135' title='bbox 35 1400 146 1455; x_wconf 84' lang='lat' dir='ltr'>quod</span> <span class='ocrx_word' id='word_1_136' title='bbox 171 1399 257 1456; x_wconf 83' lang='lat' dir='ltr'>ipsa</span> <span class='ocrx_word' id='word_1_137' title='bbox 282 1408 532 1456; x_wconf 73' lang='lat' dir='ltr'>gustaverat,</span> <span class='ocrx_word' id='word_1_138' title='bbox 559 1416 644 1441; x_wconf 87' lang='lat' dir='ltr'>non</span> <span class='ocrx_word' id='word_1_139' title='bbox 675 1400 829 1449; x_wconf 72' lang='lat' dir='ltr'>vitavit,</span> <span class='ocrx_word' id='word_1_140' title='bbox 861 1403 933 1443; x_wconf 80' lang='lat' dir='ltr'>sed</span> <span class='ocrx_word' id='word_1_141' title='bbox 962 1402 1126 1443; x_wconf 69' lang='lat' dir='ltr'>iteravit</span> <span class='ocrx_word' id='word_1_142' title='bbox 1151 1410 1389 1459; x_wconf 82' lang='lat' dir='ltr'>peccatum.</span> 
     </span>
     <span class='ocr_line' id='line_1_18' title="bbox 33 1469 1391 1528; baseline 0 -16"><span class='ocrx_word' id='word_1_143' title='bbox 33 1469 137 1512; x_wconf 68' lang='lat' dir='ltr'>Nam</span> <span class='ocrx_word' id='word_1_144' title='bbox 156 1470 297 1525; x_wconf 81' lang='lat' dir='ltr'>utique</span> <span class='ocrx_word' id='word_1_145' title='bbox 314 1470 344 1510; x_wconf 84' lang='lat' dir='ltr'>si</span> <span class='ocrx_word' id='word_1_146' title='bbox 366 1484 459 1511; x_wconf 77' lang='lat' dir='ltr'>vere</span> <span class='ocrx_word' id='word_1_147' title='bbox 477 1469 680 1511; x_wconf 86' lang='lat' dir='ltr'>rationem</span> <span class='ocrx_word' id='word_1_148' title='bbox 694 1479 902 1527; x_wconf 76' lang='lat' dir='ltr'>expectes,</span> <span class='ocrx_word' id='word_1_149' title='bbox 919 1486 1016 1512; x_wconf 87' lang='lat' dir='ltr'>eum</span> <span class='ocrx_word' id='word_1_150' title='bbox 1031 1487 1158 1527; x_wconf 87' lang='lat' dir='ltr'>quem</span> <span class='ocrx_word' id='word_1_151' title='bbox 1176 1471 1391 1528; x_wconf 78' lang='lat' dir='ltr'>diligebat,</span> 
     </span>
     <span class='ocr_line' id='line_1_19' title="bbox 34 1540 1393 1598; baseline -0.001 -17"><span class='ocrx_word' id='word_1_152' title='bbox 34 1555 117 1581; x_wconf 88' lang='lat' dir='ltr'>non</span> <span class='ocrx_word' id='word_1_153' title='bbox 140 1540 305 1581; x_wconf 85' lang='lat' dir='ltr'>trahere</span> <span class='ocrx_word' id='word_1_154' title='bbox 330 1541 381 1580; x_wconf 81' lang='lat' dir='ltr'>ad</span> <span class='ocrx_word' id='word_1_155' title='bbox 405 1540 662 1581; x_wconf 80' lang='lat' dir='ltr'>consortium</span> <span class='ocrx_word' id='word_1_156' title='bbox 689 1556 838 1597; x_wconf 84' lang='lat' dir='ltr'>poenae,</span> <span class='ocrx_word' id='word_1_157' title='bbox 871 1543 941 1582; x_wconf 84' lang='lat' dir='ltr'>sed</span> <span class='ocrx_word' id='word_1_158' title='bbox 975 1541 1105 1598; x_wconf 77' lang='lat' dir='ltr'>magis</span> <span class='ocrx_word' id='word_1_159' title='bbox 1134 1542 1184 1582; x_wconf 87' lang='lat' dir='ltr'>ab</span> <span class='ocrx_word' id='word_1_160' title='bbox 1207 1557 1256 1582; x_wconf 87' lang='lat' dir='ltr'>eo</span> <span class='ocrx_word' id='word_1_161' title='bbox 1279 1541 1393 1597; x_wconf 89' lang='lat' dir='ltr'>quod</span> 
     </span>
     <span class='ocr_line' id='line_1_20' title="bbox 35 1609 1396 1666; baseline -0.001 -15"><span class='ocrx_word' id='word_1_162' title='bbox 35 1618 286 1666; x_wconf 73' lang='lat' dir='ltr'>cognoverat</span> <span class='ocrx_word' id='word_1_163' title='bbox 316 1609 401 1666; x_wconf 80' lang='lat' dir='ltr'>ipsa</span> <span class='ocrx_word' id='word_1_164' title='bbox 423 1625 511 1651; x_wconf 84' lang='grc'><strong>6556</strong></span> <span class='ocrx_word' id='word_1_165' title='bbox 532 1618 773 1666; x_wconf 84' lang='lat' dir='ltr'>peccatum,</span> <span class='ocrx_word' id='word_1_166' title='bbox 812 1612 877 1652; x_wconf 85' lang='lat' dir='ltr'>vel</span> <span class='ocrx_word' id='word_1_167' title='bbox 910 1610 1160 1653; x_wconf 70' lang='lat' dir='ltr'>inscientem</span> <span class='ocrx_word' id='word_1_168' title='bbox 1196 1626 1396 1653; x_wconf 83' lang='lat' dir='ltr'>revocare</span> 
     </span>
     <span class='ocr_line' id='line_1_21' title="bbox 37 1680 1396 1738; baseline 0 -16"><span class='ocrx_word' id='word_1_169' title='bbox 37 1681 237 1722; x_wconf 80' lang='lat' dir='ltr'>debuerat</span> <span class='ocrx_word' id='word_1_170' title='bbox 246 1697 258 1728; x_wconf 79' lang='lat'>3</span> <span class='ocrx_word' id='word_1_171' title='bbox 284 1681 471 1736; x_wconf 79' lang='lat' dir='ltr'>quamvis</span> <span class='ocrx_word' id='word_1_172' title='bbox 498 1680 688 1722; x_wconf 84' lang='lat' dir='ltr'>videatur</span> <span class='ocrx_word' id='word_1_173' title='bbox 709 1681 798 1722; x_wconf 79' lang='lat' dir='ltr'>haec</span> <span class='ocrx_word' id='word_1_174' title='bbox 822 1681 974 1722; x_wconf 86' lang='lat' dir='ltr'>mulier</span> <span class='ocrx_word' id='word_1_175' title='bbox 998 1681 1131 1722; x_wconf 80' lang='lat' dir='ltr'>sciens</span> <span class='ocrx_word' id='word_1_176' title='bbox 1157 1682 1271 1737; x_wconf 87' lang='lat' dir='ltr'>quod</span> <span class='ocrx_word' id='word_1_177' title='bbox 1300 1688 1396 1738; x_wconf 82' lang='lat' dir='ltr'>post</span> 
     </span>
     <span class='ocr_line' id='line_1_22' title="bbox 37 1751 1396 1809; baseline 0.001 -17"><span class='ocrx_word' id='word_1_178' title='bbox 37 1753 202 1808; x_wconf 85' lang='lat' dir='ltr'>culpam</span> <span class='ocrx_word' id='word_1_179' title='bbox 224 1751 265 1792; x_wconf 90' lang='lat' dir='ltr'>in</span> <span class='ocrx_word' id='word_1_180' title='bbox 291 1752 485 1809; x_wconf 78' lang='lat' dir='ltr'>paradiso</span> <span class='ocrx_word' id='word_1_181' title='bbox 512 1767 601 1793; x_wconf 90' lang='grc'><strong>6556</strong></span> <span class='ocrx_word' id='word_1_182' title='bbox 632 1767 714 1793; x_wconf 88' lang='grc'><strong>11011</strong></span> <span class='ocrx_word' id='word_1_183' title='bbox 745 1760 901 1808; x_wconf 78' lang='lat' dir='ltr'>posset,</span> <span class='ocrx_word' id='word_1_184' title='bbox 928 1752 1126 1793; x_wconf 82' lang='lat' dir='ltr'>metuisse</span> <span class='ocrx_word' id='word_1_185' title='bbox 1152 1768 1205 1793; x_wconf 90' lang='lat' dir='ltr'>ne</span> <span class='ocrx_word' id='word_1_186' title='bbox 1233 1753 1317 1793; x_wconf 77' lang='lat' dir='ltr'>sola</span> <span class='ocrx_word' id='word_1_187' title='bbox 1345 1753 1396 1793; x_wconf 84' lang='lat' dir='ltr'>de</span> 
     </span>
     <span class='ocr_line' id='line_1_23' title="bbox 35 1821 1397 1879; baseline -0.001 -17"><span class='ocrx_word' id='word_1_188' title='bbox 35 1821 225 1879; x_wconf 80' lang='lat' dir='ltr'>paradiso</span> <span class='ocrx_word' id='word_1_189' title='bbox 254 1821 490 1877; x_wconf 73' lang='lat' dir='ltr'>ejiceretur.</span> <span class='ocrx_word' id='word_1_190' title='bbox 522 1821 713 1877; x_wconf 80' lang='lat' dir='ltr'>Denique</span> <span class='ocrx_word' id='word_1_191' title='bbox 743 1822 1056 1863; x_wconf 72' lang='lat' dir='ltr'>absconderunt</span> <span class='ocrx_word' id='word_1_192' title='bbox 1085 1837 1127 1863; x_wconf 91' lang='grc'>56</span> <span class='ocrx_word' id='word_1_193' title='bbox 1156 1822 1278 1863; x_wconf 87' lang='lat' dir='ltr'>ambo</span> <span class='ocrx_word' id='word_1_194' title='bbox 1302 1829 1397 1878; x_wconf 73' lang='lat' dir='ltr'>post</span> 
     </span>
     <span class='ocr_line' id='line_1_24' title="bbox 38 1890 1397 1949; baseline -0.001 -17"><span class='ocrx_word' id='word_1_195' title='bbox 38 1893 217 1948; x_wconf 85' lang='lat' dir='ltr'>eulpam.</span> <span class='ocrx_word' id='word_1_196' title='bbox 244 1891 560 1932; x_wconf 78' lang='lat' dir='ltr'>Excludendam</span> <span class='ocrx_word' id='word_1_197' title='bbox 578 1891 703 1947; x_wconf 70' lang='lat' dir='ltr'>igitur</span> <span class='ocrx_word' id='word_1_198' title='bbox 721 1907 762 1932; x_wconf 89' lang='grc'>56</span> <span class='ocrx_word' id='word_1_199' title='bbox 779 1907 868 1936; x_wconf 85' lang='grc'><strong>6556</strong></span> <span class='ocrx_word' id='word_1_200' title='bbox 887 1906 1164 1949; x_wconf 79' lang='lat' dir='ltr'>cognoscens,</span> <span class='ocrx_word' id='word_1_201' title='bbox 1184 1890 1397 1933; x_wconf 83' lang='lat' dir='ltr'>consortio</span> 
     </span>
     <span class='ocr_line' id='line_1_25' title="bbox 39 1961 945 2019; baseline -0.002 -15"><span class='ocrx_word' id='word_1_202' title='bbox 39 1962 130 2010; x_wconf 85' lang='lat' dir='ltr'>viri,</span> <span class='ocrx_word' id='word_1_203' title='bbox 165 1977 288 2017; x_wconf 88' lang='lat' dir='ltr'>quem</span> <span class='ocrx_word' id='word_1_204' title='bbox 309 1961 519 2019; x_wconf 75' lang='lat' dir='ltr'>diligebat,</span> <span class='ocrx_word' id='word_1_205' title='bbox 541 1961 675 2003; x_wconf 82' lang='lat' dir='ltr'>noluit</span> <span class='ocrx_word' id='word_1_206' title='bbox 697 1961 945 2003; x_wconf 74' lang='lat' dir='ltr'>defraudari.</span> 
     </span>
    </p>

    <p class='ocr_par' dir='ltr' id='par_1_4' title="bbox 41 2031 1398 2158">
     <span class='ocr_line' id='line_1_26' title="bbox 97 2031 1395 2089; baseline -0.002 -15"><span class='ocrx_word' id='word_1_207' title='bbox 97 2031 297 2074; x_wconf 73' lang='lat' dir='ltr'><strong>XXXIV.</strong></span> <span class='ocrx_word' id='word_1_208' title='bbox 336 2033 491 2073; x_wconf 83' lang='lat' dir='ltr'>Iterum</span> <span class='ocrx_word' id='word_1_209' title='bbox 514 2032 655 2088; x_wconf 83' lang='lat' dir='ltr'>accipe</span> <span class='ocrx_word' id='word_1_210' title='bbox 674 2047 682 2073; x_wconf 75' lang='grc' dir='ltr'><em>τ</em></span> <span class='ocrx_word' id='word_1_211' title='bbox 707 2031 798 2074; x_wconf 80' lang='lat' dir='ltr'>Non</span> <span class='ocrx_word' id='word_1_212' title='bbox 822 2032 1005 2089; x_wconf 79' lang='lat' dir='ltr'>cognitio</span> <span class='ocrx_word' id='word_1_213' title='bbox 1024 2033 1122 2074; x_wconf 81' lang='lat' dir='ltr'>mali</span> <span class='ocrx_word' id='word_1_214' title='bbox 1135 2033 1292 2073; x_wconf 88' lang='lat' dir='ltr'>malum</span> <span class='ocrx_word' id='word_1_215' title='bbox 1311 2039 1395 2078; x_wconf 82' lang='grc' dir='ltr'><strong>65Ι;</strong></span> 
     </span>
     <span class='ocr_line' id='line_1_27' title="bbox 41 2101 1398 2158; baseline -0.001 -15"><span class='ocrx_word' id='word_1_216' title='bbox 41 2103 113 2143; x_wconf 78' lang='lat' dir='ltr'>sed</span> <span class='ocrx_word' id='word_1_217' title='bbox 129 2116 224 2142; x_wconf 87' lang='lat' dir='ltr'>cum</span> <span class='ocrx_word' id='word_1_218' title='bbox 245 2109 359 2142; x_wconf 82' lang='lat' dir='ltr'>actus</span> <span class='ocrx_word' id='word_1_219' title='bbox 384 2101 529 2158; x_wconf 81' lang='lat' dir='ltr'>implet</span> <span class='ocrx_word' id='word_1_220' title='bbox 550 2102 766 2144; x_wconf 73' lang='lat' dir='ltr'>malitiam.</span> <span class='ocrx_word' id='word_1_221' title='bbox 796 2101 889 2143; x_wconf 82' lang='lat' dir='ltr'>Non</span> <span class='ocrx_word' id='word_1_222' title='bbox 906 2102 1019 2143; x_wconf 81' lang='lat' dir='ltr'>enim</span> <span class='ocrx_word' id='word_1_223' title='bbox 1037 2102 1175 2143; x_wconf 83' lang='lat' dir='ltr'>statim</span> <span class='ocrx_word' id='word_1_224' title='bbox 1194 2101 1264 2158; x_wconf 87' lang='lat' dir='ltr'>qui</span> <span class='ocrx_word' id='word_1_225' title='bbox 1282 2101 1398 2142; x_wconf 79' lang='lat' dir='ltr'>novit</span> 
     </span>
    </p>
   </div>
   <div class='ocr_carea' id='block_1_3' title="bbox 0 2171 1399 2227">
    <p class='ocr_par' dir='ltr' id='par_1_5' title="bbox 0 2171 1399 2227">
     <span class='ocr_line' id='line_1_28' title="bbox 0 2171 1399 2227; baseline -0.001 -14"><span class='ocrx_word' id='word_1_226' title='bbox 0 2209 1 2223; x_wconf 59' lang='grc'>,</span> <span class='ocrx_word' id='word_1_227' title='bbox 40 2173 213 2220; x_wconf 85' lang='lat' dir='ltr'>malum,</span> <span class='ocrx_word' id='word_1_228' title='bbox 238 2172 352 2227; x_wconf 90' lang='lat' dir='ltr'>quod</span> <span class='ocrx_word' id='word_1_229' title='bbox 372 2173 530 2212; x_wconf 89' lang='lat' dir='ltr'>malum</span> <span class='ocrx_word' id='word_1_230' title='bbox 547 2179 624 2218; x_wconf 80' lang='lat' dir='ltr'>est,</span> <span class='ocrx_word' id='word_1_231' title='bbox 645 2171 743 2212; x_wconf 78' lang='lat' dir='ltr'>facit</span> <span class='ocrx_word' id='word_1_232' title='bbox 765 2186 773 2212; x_wconf 93' lang='lat'><strong>:</strong></span> <span class='ocrx_word' id='word_1_233' title='bbox 801 2172 873 2212; x_wconf 76' lang='lat' dir='ltr'>scd</span> <span class='ocrx_word' id='word_1_234' title='bbox 896 2171 967 2227; x_wconf 88' lang='lat' dir='ltr'>qui</span> <span class='ocrx_word' id='word_1_235' title='bbox 991 2173 1103 2227; x_wconf 86' lang='lat' dir='ltr'>quod</span> <span class='ocrx_word' id='word_1_236' title='bbox 1130 2173 1287 2213; x_wconf 89' lang='lat' dir='ltr'>malum</span> <span class='ocrx_word' id='word_1_237' title='bbox 1309 2186 1399 2212; x_wconf 86' lang='lat' dir='ltr'>esse</span> 
     </span>
    </p>
   </div>
   <div class='ocr_carea' id='block_1_4' title="bbox 0 2238 2 2312">
    <p class='ocr_par' dir='ltr' id='par_1_6' title="bbox 0 2238 2 2312">
     <span class='ocr_line' id='line_1_29' title="bbox 0 2238 2 2312; baseline 0 0"><span class='ocrx_word' id='word_1_238' title='bbox 0 2238 2 2312; x_wconf 65' lang='grc'><strong>1</strong></span> 
     </span>
    </p>
   </div>
   <div class='ocr_carea' id='block_1_5' title="bbox 0 2313 4 2440">
    <p class='ocr_par' dir='ltr' id='par_1_7' title="bbox 0 2313 4 2440">
     <span class='ocr_line' id='line_1_30' title="bbox 0 2313 4 2440; baseline 0 793"><span class='ocrx_word' id='word_1_239' title='bbox 0 2313 4 2440; x_wconf 95' lang='lat' dir='ltr'> </span> 
     </span>
    </p>
   </div>
   <div class='ocr_carea' id='block_1_6' title="bbox 0 2441 6 2603">
    <p class='ocr_par' dir='ltr' id='par_1_8' title="bbox 0 2441 6 2603">
     <span class='ocr_line' id='line_1_31' title="bbox 0 2441 6 2603; baseline 0 630"><span class='ocrx_word' id='word_1_240' title='bbox 0 2441 6 2603; x_wconf 95' lang='lat' dir='ltr'> </span> 
     </span>
    </p>
   </div>
   <div class='ocr_carea' id='block_1_7' title="bbox 41 2241 1407 2581">
    <p class='ocr_par' dir='ltr' id='par_1_9' title="bbox 41 2241 1407 2581">
     <span class='ocr_line' id='line_1_32' title="bbox 41 2241 1400 2299; baseline -0.001 -16"><span class='ocrx_word' id='word_1_241' title='bbox 41 2241 170 2290; x_wconf 66' lang='lat' dir='ltr'>novit,</span> <span class='ocrx_word' id='word_1_242' title='bbox 205 2249 413 2298; x_wconf 82' lang='lat' dir='ltr'>operatur.</span> <span class='ocrx_word' id='word_1_243' title='bbox 458 2241 722 2283; x_wconf 70' lang='lat' dir='ltr'>Ineentivnm</span> <span class='ocrx_word' id='word_1_244' title='bbox 757 2249 897 2282; x_wconf 87' lang='lat' dir='ltr'>autem</span> <span class='ocrx_word' id='word_1_245' title='bbox 920 2242 973 2282; x_wconf 91' lang='lat' dir='ltr'>ad</span> <span class='ocrx_word' id='word_1_246' title='bbox 995 2243 1255 2299; x_wconf 86' lang='lat' dir='ltr'>operandum</span> <span class='ocrx_word' id='word_1_247' title='bbox 1286 2243 1400 2297; x_wconf 87' lang='lat' dir='ltr'>quod</span> 
     </span>
     <span class='ocr_line' id='line_1_33' title="bbox 43 2311 1395 2368; baseline 0.001 -17"><span class='ocrx_word' id='word_1_248' title='bbox 43 2312 198 2352; x_wconf 88' lang='lat' dir='ltr'>malum</span> <span class='ocrx_word' id='word_1_249' title='bbox 230 2319 305 2358; x_wconf 77' lang='lat' dir='ltr'>est,</span> <span class='ocrx_word' id='word_1_250' title='bbox 342 2319 412 2351; x_wconf 79' lang='lat' dir='ltr'>aut</span> <span class='ocrx_word' id='word_1_251' title='bbox 439 2311 671 2359; x_wconf 71' lang='lat' dir='ltr'>iracundia,</span> <span class='ocrx_word' id='word_1_252' title='bbox 707 2320 777 2352; x_wconf 82' lang='lat' dir='ltr'>ant</span> <span class='ocrx_word' id='word_1_253' title='bbox 811 2311 1016 2368; x_wconf 78' lang='lat' dir='ltr'>cupiditas</span> <span class='ocrx_word' id='word_1_254' title='bbox 1045 2327 1135 2353; x_wconf 87' lang='grc'><strong>6556</strong></span> <span class='ocrx_word' id='word_1_255' title='bbox 1165 2311 1395 2353; x_wconf 70' lang='lat' dir='ltr'>consuevit.</span> 
     </span>
     <span class='ocr_line' id='line_1_34' title="bbox 44 2380 1399 2438; baseline 0 -15"><span class='ocrx_word' id='word_1_256' title='bbox 44 2380 129 2424; x_wconf 81' lang='lat' dir='ltr'>Nec</span> <span class='ocrx_word' id='word_1_257' title='bbox 151 2381 289 2422; x_wconf 88' lang='lat' dir='ltr'>statim</span> <span class='ocrx_word' id='word_1_258' title='bbox 312 2396 496 2429; x_wconf 82' lang='grc'><strong>11666556,</strong></span> <span class='ocrx_word' id='word_1_259' title='bbox 525 2390 571 2422; x_wconf 87' lang='lat' dir='ltr'>ut</span> <span class='ocrx_word' id='word_1_260' title='bbox 593 2382 751 2424; x_wconf 70' lang='lat' dir='ltr'>habens</span> <span class='ocrx_word' id='word_1_261' title='bbox 774 2381 991 2423; x_wconf 83' lang='lat' dir='ltr'>scientiam</span> <span class='ocrx_word' id='word_1_262' title='bbox 1015 2382 1114 2423; x_wconf 83' lang='lat' dir='ltr'>mali</span> <span class='ocrx_word' id='word_1_263' title='bbox 1138 2382 1263 2424; x_wconf 87' lang='lat' dir='ltr'>saciat</span> <span class='ocrx_word' id='word_1_264' title='bbox 1285 2383 1399 2438; x_wconf 87' lang='lat' dir='ltr'>quod</span> 
     </span>
     <span class='ocr_line' id='line_1_35' title="bbox 48 2451 1395 2510; baseline 0.001 -18"><span class='ocrx_word' id='word_1_265' title='bbox 48 2451 287 2509; x_wconf 87' lang='lat' dir='ltr'>improbum</span> <span class='ocrx_word' id='word_1_266' title='bbox 304 2452 434 2499; x_wconf 63' lang='lat' dir='ltr'>novit,</span> <span class='ocrx_word' id='word_1_267' title='bbox 451 2452 527 2493; x_wconf 77' lang='lat' dir='ltr'>nisi</span> <span class='ocrx_word' id='word_1_268' title='bbox 540 2460 611 2493; x_wconf 83' lang='lat' dir='ltr'>aut</span> <span class='ocrx_word' id='word_1_269' title='bbox 626 2452 839 2494; x_wconf 78' lang='lat' dir='ltr'>iracundia</span> <span class='ocrx_word' id='word_1_270' title='bbox 859 2461 930 2494; x_wconf 89' lang='lat' dir='ltr'>aut</span> <span class='ocrx_word' id='word_1_271' title='bbox 945 2453 1176 2510; x_wconf 83' lang='lat' dir='ltr'>eupiditate</span> <span class='ocrx_word' id='word_1_272' title='bbox 1191 2453 1395 2494; x_wconf 85' lang='lat' dir='ltr'>vincatur.</span> 
     </span>
     <span class='ocr_line' id='line_1_36' title="bbox 51 2522 1407 2581; baseline 0.001 -18"><span class='ocrx_word' id='word_1_273' title='bbox 51 2522 166 2564; x_wconf 70' lang='lat' dir='ltr'>unde</span> <span class='ocrx_word' id='word_1_274' title='bbox 189 2525 302 2579; x_wconf 85' lang='lat' dir='ltr'>quod</span> <span class='ocrx_word' id='word_1_275' title='bbox 325 2523 502 2566; x_wconf 82' lang='lat' dir='ltr'>diximus</span> <span class='ocrx_word' id='word_1_276' title='bbox 526 2523 781 2568; x_wconf 83' lang='lat' dir='ltr'>incentivum</span> <span class='ocrx_word' id='word_1_277' title='bbox 804 2524 1024 2581; x_wconf 81' lang='lat' dir='ltr'>peccandi,</span> <span class='ocrx_word' id='word_1_278' title='bbox 1049 2525 1116 2567; x_wconf 82' lang='lat' dir='ltr'>vel</span> <span class='ocrx_word' id='word_1_279' title='bbox 1137 2523 1214 2575; x_wconf 83' lang='lat' dir='ltr'>ira,</span> <span class='ocrx_word' id='word_1_280' title='bbox 1238 2525 1304 2568; x_wconf 85' lang='lat' dir='ltr'>vel</span> <span class='ocrx_word' id='word_1_281' title='bbox 1326 2538 1407 2566; x_wconf 82' lang='lat' dir='ltr'>cu-</span> 
     </span>
    </p>
   </div>
   <div class='ocr_carea' id='block_1_8' title="bbox 95 2612 325 2657">
    <p class='ocr_par' dir='ltr' id='par_1_10' title="bbox 95 2612 325 2657">
     <span class='ocr_line' id='line_1_37' title="bbox 95 2612 325 2657; baseline 0.009 -14"><span class='ocrx_word' id='word_1_282' title='bbox 95 2622 104 2636; x_wconf 61' lang='grc'><strong>1</strong></span> <span class='ocrx_word' id='word_1_283' title='bbox 125 2612 206 2646; x_wconf 83' lang='lat' dir='ltr'>Gen.</span> <span class='ocrx_word' id='word_1_284' title='bbox 228 2624 275 2653; x_wconf 77' lang='lat' dir='ltr'>vi,</span> <span class='ocrx_word' id='word_1_285' title='bbox 293 2625 325 2657; x_wconf 83' lang='lat'>7.</span> 
     </span>
    </p>
   </div>
  </div>
 </body>
</html>
