1742 3233
424 348 476 375 DE
508 344 719 375 PAnamso.
759 345 877 373 LIBER
910 345 1023 374 UNUS.

1318 337 1402 395 319

55 444 72 465 ω
85 432 222 467 morte
235 423 496 465 moriemini¹
513 441 524 472 ;
544 439 742 481 »serpens
760 424 875 481 quasi
895 424 1152 482 interrogans
1164 427 1398 478 mulierem,

57 509 155 537 cum
183 484 349 536 dixisset
368 493 482 534 Deus
502 509 510 534 :
528 512 544 531 «
569 493 631 534 Ex
651 493 765 534 omni
791 493 903 550 ligno
926 495 1042 549 quod
1059 503 1121 536 est
1148 495 1190 536 in
1214 492 1405 553 paradiso

57 565 217 607 »edetis
238 579 246 606 :
268 565 319 606 de
335 563 448 620 ligno
470 572 610 605 autem
631 578 715 604 uno
738 578 824 604 non
846 563 993 610 edetis,
1007 582 1022 602 n
1037 563 1210 607 inseruit
1229 569 1406 610 menda-

58 634 194 683 cium,
229 641 275 675 ut
297 633 454 675 diceret
474 647 483 673 ε
500 650 516 670 ι(
541 631 605 673 Ab
632 633 745 673 omni
771 632 885 689 ligno
913 648 998 674 non
1022 635 1182 676 edetis:
1203 654 1218 674 »
1234 651 1331 678 cum
1356 639 1407 680 de

56 719 142 746 uno
170 711 334 747 tantum
366 703 479 759 ligno
503 702 686 744 scientiae
718 702 816 743 boni
840 710 882 743 et
906 703 1004 744 mali
1028 705 1275 762 praeceperit
1295 707 1407 749 Deus

59 789 144 816 non
163 788 251 815 esse
283 773 546 830 gustandum.
577 772 672 823 Qua
700 771 861 813 ratione
893 779 1031 813 autem
1063 772 1281 825 fefellerit,
1305 777 1410 819 nihil

58 844 212 886 mirum
228 875 238 892 ,
270 842 375 899 quia·
395 841 468 889 iis,
493 841 565 897 qui
592 841 772 896 aliquem
804 841 1149 884 circumscribere
1181 853 1406 896 conantur,

62 914 322 956 consuetudo
349 919 412 953 est
444 911 600 953 fallere.
628 911 720 953 Non
742 919 804 952 est
830 911 956 968 igitur
978 913 1248 971 interrogatio
1279 917 1410 959 otiosa

62 983 296 1041 serpenstis.
333 981 417 1022 Sed
442 988 489 1022 ut
519 981 623 1022 scias
652 981 695 1021 in
722 983 921 1022 mandate
951 984 1114 1024 nullum
1150 984 1298 1026 vitium
1324 1002 1413 1028 esse

59 1052 268 1111 potuisse,
306 1050 521 1107 respondit
555 1050 741 1097 mulier‚·
759 1058 804 1090 ut
839 1050 968 1091 habes
999 1066 1040 1091 :«
1064 1052 1124 1092 Ex
1155 1053 1269 1094 omni
1299 1055 1411 1112 ligno

61 1121 269 1180 »paradisi
291 1119 640 1161 manducabimus
667 1134 675 1159 :
703 1120 753 1160 de
774 1118 914 1160 fructu
936 1128 1077 1161 autem
1094 1121 1195 1178 ligni
1217 1126 1329 1179 quod
1351 1135 1414 1168 est

62 1192 135 1233 »in
151 1192 289 1233 medio
306 1189 508 1246 paradisi,
535 1189 637 1230 dixit
658 1189 770 1230 Deus
791 1204 800 1229 ε
827 1189 918 1231 Non
943 1192 1250 1234 manducabitis
1272 1209 1322 1235 ex
1345 1211 1410 1246 eo,

63 1280 80 1300 »
93 1276 229 1318 neque
252 1260 430 1317 tangetis
446 1274 496 1300 ex
512 1274 584 1306 eo,
603 1274 656 1299 ne
680 1266 815 1299 morte
834 1259 1086 1302 moriamini.
1107 1279 1123 1298 »
1151 1262 1198 1302 In
1215 1265 1413 1307 mandato

65 1333 234 1389 quidem
245 1331 409 1371 nullum
421 1329 568 1370 vitium
580 1336 656 1375 est,
677 1328 803 1369 sedin
813 1328 1015 1370 relatione
1032 1331 1231 1372 mandati.
1247 1332 1414 1376 Etenim

67 1409 270 1458 quantum
288 1414 468 1456 praesens
486 1398 612 1440 lectio
631 1399 755 1438 docet
769 1430 780 1445 ,
802 1397 999 1439 discimus
1015 1398 1120 1440 nihil
1132 1402 1195 1441 vel
1212 1402 1416 1444 cautionis

68 1471 196 1528 gratia
218 1469 394 1526 jungere
418 1484 493 1509 nos
518 1467 670 1509 debere
695 1468 907 1508 mandato.
936 1466 978 1508 Si
1001 1468 1103 1523 quid
1124 1469 1236 1510 enim
1258 1473 1324 1512 vel
1344 1475 1418 1514 ad—

69 1542 141 1582 das
154 1572 166 1588 ,
186 1540 252 1581 vel
270 1538 483 1586 detrahas,
507 1536 792 1594 praevaricatio
808 1538 997 1592 quaedam
1019 1537 1184 1578 videtur
1200 1554 1289 1580 esse
1304 1556 1420 1583 man*

71 1611 168 1653 dati.
194 1611 302 1652 Pura
332 1609 445 1650 enim
471 1616 512 1649 ct
541 1608 717 1664 simplex
738 1607 923 1648 mandati
949 1607 1084 1649 forma
1107 1612 1334 1660 servanda,
1356 1615 1422 1656 vel

72 1680 299 1722 testimonii
325 1678 449 1720 series
473 1678 702 1719 intimanda
723 1686 797 1719 est.
824 1678 1077 1734 Plerumque
1096 1680 1209 1721 testis
1233 1682 1334 1722 dum
1353 1684 1421 1724 ali-

74 1750 175 1807 quid
197 1750 249 1792 ad
269 1749 419 1790 seriem
443 1755 656 1805 gestorum
681 1762 731 1788 ex
752 1763 827 1788 suo
851 1747 1017 1803 adjicit,
1042 1757 1172 1790 totam
1199 1751 1422 1794 testimonii

73 1819 202 1861 fidem
221 1818 349 1875 partis
366 1817 588 1858 mendacio
607 1818 834 1858 decolorat.
857 1817 969 1859 Nihil
989 1818 1115 1874 igitur
1131 1821 1196 1860 vel
1218 1822 1331 1876 quod
1353 1822 1424 1863 bo-

75 1905 179 1932 num
206 1889 394 1935 videtur,
429 1887 669 1929 addendum
693 1894 766 1928 est.
796 1886 985 1943 'Namque
1009 1888 1077 1929 hic
1098 1889 1207 1946 ‘quid
1228 1889 1418 1933 offensio-

76 1959 140 2001 nis
163 1959 290 2000 habet
311 1957 445 2015 prima
469 1956 606 2014 specie
629 1957 741 2012 quod
765 1957 923 1998 addidit
944 1958 1096 1999 mulier
1116 1974 1124 1999 :
1142 1960 1318 2016 «Neque
1340 1969 1428 2003 tan-

78 2047 95 2068 »
109 2029 212 2086 getis
228 2043 279 2070 ex
293 2043 343 2069 eo
363 2025 620 2084 quidquam?
635 2027 829 2083 Tangetis
843 2045 858 2064 >2
873 2027 987 2068 enim
1002 2028 1114 2070 Deus
1134 2045 1219 2071 nou
1237 2031 1424 2082 dixerat,

81 2102 177 2148 sed,
194 2118 211 2137 «
232 2099 324 2142 Non
342 2098 493 2139 edetis.
520 2096 634 2138 »Sed
654 2105 794 2138 tamen
820 2099 959 2154 lapsus
987 2099 1132 2156 incipit
1154 2116 1242 2143 esse
1270 2103 1429 2160 princi-

80 2171 209 2228 pium.
237 2169 344 2212 Nam
369 2182 459 2224 quae
489 2167 666 2215 addidit,
694 2169 757 2209 vel
779 2168 1037 2224 superfluum
1064 2170 1245 2220 addidit,
1268 2174 1333 2213 vel
1358 2175 1430 2214 ad-

84 2242 224 2283 dendo
250 2241 303 2281 de
330 2239 500 2296 proprio
526 2239 802 2296 semiplenum
826 2239 1028 2282 intellexit
1048 2241 1123 2282 Dei
1145 2257 1232 2283 esse
1255 2245 1432 2285 manda-

80 2310 187 2352 tum.
222 2310 358 2352 Docet
393 2309 518 2366 igitur
555 2324 629 2350 nos
664 2309 879 2366 przescntis
916 2310 1040 2351 series
1076 2311 1278 2353 lectionis*
1296 2327 1433 2368 neque

86 2379 307 2422 detrahere
330 2379 486 2434 aliquid
508 2378 655 2419 divinis
677 2379 831 2420 dehere
854 2380 1060 2421 mandatis
1074 2413 1084 2428 ‚
1108 2396 1244 2437 neque
1262 2383 1426 2425 addere.

85 2449 192 2493 Nam
202 2448 426 2490 siJoannes
436 2448 517 2490 hoc
531 2448 733 2504 judicavit
750 2450 800 2490 de
818 2450 900 2490 suis
915 2450 1103 2507 scriptis:
1121 2450 1292 2508 «Siquis
1313 2467 1434 2510 appo-

100 2536 115 2559 «
133 2518 278 2568 suerit,
302 2518 451 2575 inquit,
468 2519 519 2560 ad
539 2518 635 2566 hoc,
655 2518 823 2576 adjiciet
844 2519 885 2560 in
903 2520 1020 2561 illum
1039 2521 1150 2562 Deus
1168 2523 1325 2579 plagaS‚
1345 2538 1437 2579 quae

89 2608 106 2631 ι)
120 2590 286 2649 scriptae
303 2598 401 2632 sunt
423 2589 466 2632 in
481 2589 588 2633 libro
606 2589 684 2633 isto
709 2605 718 2632 :
743 2597 785 2633 et
804 2591 875 2648 qui
898 2592 1124 2650 dempserit
1148 2594 1199 2636 de
1217 2593 1354 2637 verbis
1374 2593 1438 2638 his

139 2690 148 2707 ¹
169 2682 251 2717 Gen.
268 2691 308 2722 11,
328 2681 377 2721 16,
396 2690 446 2724 17.
