1742 3233
509 289 560 318 DE
594 287 801 317 ABRAHAM.
839 291 917 319 Lm.
957 292 1000 320 11.
1343 278 1423 338 591

79 364 245 407 Domini
267 365 409 408 nostri.
438 365 528 408 Non
551 381 649 423 orgo
671 365 942 424 philosophice
966 370 1179 412 traditioni
1203 371 1427 429 descriptio

79 436 295 478 concurrit
324 436 581 493 prophetica.
613 435 803 492 Denique
826 451 973 480 vocem
1003 441 1162 482 alarum
1193 441 1354 483 audisse
1385 457 1428 483 se

79 506 179 548 dicit
207 507 427 564 Propheta.
461 505 552 547 Istae
580 507 652 547 alae
684 506 857 548 virtutes
889 516 1010 556 sunt,
1043 525 1133 565 quae
1155 510 1364 567 [maximo
1389 520 1430 554 et

77 577 234 633 duplici
256 578 405 634 plausu
424 576 658 633 prudentiae
680 576 771 634 (57)
784 610 793 625 ,
812 576 1091 628 fortitudinis,
1117 581 1399 637 temporantiae
1415 615 1426 630 ‚

76 646 243 703 justitiae
265 660 432 687 suavem
450 647 644 687 docorem
660 678 670 694 ,
691 645 784 688 vitae
802 644 1055 691 cantilenam
1072 651 1427 701 result-anurnio

23 764 27 769 ,
78 724 217 758 autem
239 716 381 758 dulces
409 715 611 772 quosdam
638 715 797 757 sonitus
825 716 1008 759 siderum
1027 719 1233 760 mutuavit
1259 719 1427 776 sphzrne

78 786 256 828 coelestis
276 783 466 842 generari
489 785 762 827 conversione
777 818 787 834 ,
811 785 965 828 samam
987 787 1116 845 magis
1142 797 1183 829 et
1204 804 1426 846 pompam,

76 871 202 912 quam
215 855 432 897 veritatem
443 863 622 896 secutus.
641 854 855 913 Namlicet
866 855 1067 913 Origenes
1086 872 1251 913 quoque
1271 866 1425 906 nostor,

77 926 157 967 hoc
179 934 263 974 est,
287 925 570 967 ecclesiastico
593 924 654 966 vir
673 923 813 966 officio
837 925 1001 968 deditus
1016 958 1026 974 ,
1051 927 1313 983 planetarum
1336 928 1428 968 stel-

73 996 208 1036 larum
226 995 448 1051 quamdam
466 993 786 1036 inenarrabilem
807 1003 926 1036 motu
941 994 1206 1036 harmoniam
1222 1011 1311 1037 esse
1329 1011 1426 1036 sua-·

73 1065 228 1108 vissimi
268 1065 375 1108 illius
410 1065 500 1107 soni
535 1065 713 1107 coelestis
748 1072 923 1113 asserat,
956 1073 1097 1107 tamen
1133 1065 1258 1106 etiam
1291 1065 1426 1123 ipsum

73 1135 301 1193 plurimum
332 1134 549 1191 indulgere
584 1134 931 1191 philosophorum
975 1134 1190 1177 traditioni
1230 1136 1426 1193 pleraque

74 1205 164 1261 ejus
195 1204 348 1261 scripta
380 1212 606 1252 testantur3
642 1205 755 1260 quod
781 1219 831 1244 eo
863 1204 1031 1260 scripsi,
1057 1212 1102 1246 ut
1133 1212 1174 1246 et
1196 1204 1246 1246 ab
1273 1204 1427 1261 aruspi—

75 1274 178 1316 cina:
201 1282 243 1316 et
264 1289 285 1314 a
306 1273 578 1330 philosophiae
604 1273 830 1315 traditione
856 1272 1048 1315 sacrificii
1078 1273 1194 1315 istius
1226 1273 1426 1330 interpre-

73 1344 274 1386 tationem
293 1358 567 1385 secernerem.
590 1342 731 1385 Velint
749 1343 816 1384 alii
834 1342 1070 1385 doctrinam
1087 1343 1266 1400 probare
1282 1358 1398 1385 suam
1410 1377 1422 1394 ,

74 1429 150 1471 ego
172 1413 287 1470 juxta
314 1412 561 1469 Apostolum
587 1412 756 1454 timidus
786 1413 920 1461 malo,
946 1428 1071 1468 quam
1096 1414 1243 1454 doctus
1268 1413 1423 1462 videri,

74 1483 144 1540 qui
174 1483 228 1525 ait
248 1498 256 1524 :
275 1481 448 1525 «Videte
469 1497 520 1523 nc
538 1481 629 1538 quis
645 1497 717 1523 vos
735 1483 1000 1539 depraedetur
1022 1498 1096 1539 per
1119 1482 1425 1539 philosophiam

75 1562 147 1595 »et
177 1553 345 1595 inanem
381 1552 669 1595 seductionem
707 1551 940 1593 secundum
981 1552 1248 1594 traditionem
1293 1552 1425 1594 homi-

74 1641 89 1662 »
105 1638 227 1671 num,
248 1623 480 1664 secundum
502 1622 757 1663 elementum
774 1620 900 1678 hujus
921 1621 1067 1663 mundi
1080 1654 1091 1670 ,
1111 1630 1152 1664 et
1168 1636 1252 1663 non
1274 1636 1425 1664 secun—

76 1710 91 1732 »
106 1692 207 1734 dum
229 1690 482 1733 Christuan
504 1710 519 1729 »
1215 1694 1217 1696 ’

132 1761 214 1805 LV.
253 1762 379 1813 Quod
412 1769 553 1803 autom
589 1761 644 1802 ait
668 1775 678 1802 ε
706 1759 879 1802 «Divisit
903 1759 1116 1802 Abraham
1154 1775 1353 1818 corpora,
1387 1769 1427 1802 ct

76 1831 294 1874 »consedit
329 1829 450 1880 illis2,
471 1849 486 1870 »
511 1846 563 1872 ne
597 1830 687 1886 quis
718 1829 983 1886 extispicium
1019 1837 1161 1886 putet,
1194 1829 1426 1887 aruspicina

77 1902 201 1944 verba
225 1917 313 1943 esse
334 1916 419 1943 non
436 1916 565 1958 nego3
591 1901 649 1941 sic
673 1900 784 1941 enim
803 1900 926 1941 audio
947 1915 956 1941 τ
983 1900 1056 1941 sed
1072 1899 1316 1941 divisionem
1334 1914 1429 1941 cor—

76 1986 227 2028 porum
265 1972 608 2028 quadrupedum,
648 1984 745 2011 cum
786 1969 910 2023 lectio
950 1968 1102 2010 factam
1138 1977 1316 2018 astruat,
1348 1984 1432 2011 non

75 2042 231 2084 factam
270 2042 404 2087 avium
436 2041 581 2097 utique
610 2040 641 2082 si
674 2040 874 2097 inspectio
907 2040 1051 2082 fuisset
1082 2040 1278 2089 istorum,
1307 2040 1431 2082 etiam

80 2113 217 2154 avium
242 2111 349 2154 facta
373 2120 480 2155 esset
504 2110 673 2159 divisio,
696 2118 743 2151 ut
764 2109 885 2152 fieret
901 2109 1116 2166 inspectio.
1147 2108 1262 2160 Quid
1283 2109 1315 2151 si
1333 2108 1430 2151 fidei

78 2192 234 2229 nostrae,
267 2184 347 2226 hoc
384 2181 606 2225 convenit?
640 2181 692 2222 Et
723 2180 817 2222 ideo
848 2181 961 2236 quod
997 2195 1120 2237 supra
1151 2179 1429 2236 aruspicinam

79 2254 193 2295 verbi
217 2253 337 2295 nobis
359 2254 430 2295 dat
447 2251 616 2294 traditio
635 2250 910 2307 requiramus.
932 2249 1122 2291 Diximus
1140 2265 1263 2306 supra
1281 2250 1375 2306 quia
1390 2250 1431 2291 in

79 2325 207 2368 vitula
229 2333 383 2367 terram
401 2323 628 2380 accipimus
640 2355 650 2370 ,
670 2322 711 2362 in
729 2335 853 2378 capra
870 2335 1042 2377 aquam,
1061 2319 1102 2363 in
1120 2319 1246 2362 ariete
1264 2324 1402 2362 aerem
1417 2353 1429 2370 ,

83 2396 197 2451 quod
223 2395 310 2452 ipso
338 2393 508 2435 nomine
542 2392 769 2449 colligitur,
803 2391 916 2446 quod
947 2389 1068 2431 trima
1102 2389 1153 2430 ad.
1179 2387 1433 2431 sacrificium

83 2465 190 2508 sumi
213 2465 438 2522 jubentur3
466 2463 559 2520 quia
578 2471 688 2505 terra
710 2462 797 2520 ipsa
820 2460 927 2502 inter
952 2467 1035 2502 tres
1059 2458 1256 2502 dividitur
1276 2460 1433 2517 species

84 2536 148 2578 sui
157 2552 168 2585 ;
203 2543 274 2577 aut
303 2533 415 2577 enim
442 2534 682 2582 continens,
718 2540 787 2575 aut
819 2531 977 2581 insula,
1004 2538 1074 2574 aut
1098 2529 1318 2589 peninsula
1340 2539 1433 2575 est:

130 2634 138 2649 ¹
159 2624 282 2661 Coloss.
301 2635 341 2665 11,
356 2624 389 2659 8.
405 2641 445 2652 -
468 2635 481 2651 ³
499 2624 581 2659 Gen·
600 2634 654 2664 xv,
675 2633 724 2657 ιι.
