1742 3233
296 234 381 277 566
839 248 872 276 ε.
912 248 1101 277 sumansu

289 325 461 375 retulit,
489 324 594 367 nihil
614 324 671 366 ibi
696 324 1015 383 disciplinarum
1038 339 1208 366 suarum
1238 325 1386 368 amisit.
1418 326 1508 369 Non
1535 331 1651 372 colo-

293 403 382 437 rata
394 403 456 436 est
471 394 790 450 intemperantia
804 428 814 443 ,
828 393 1047 436 insolentia
1063 427 1073 442 ,
1092 393 1346 451 flagitiorum
1361 396 1623 440 immodestia
1636 431 1649 448 ,

292 480 380 506 non
405 464 610 520 expoliata
634 471 696 505 est
716 464 918 506 amictum
945 463 1098 506 sedulae
1121 464 1380 514 sobrietatis,
1419 482 1504 509 non
1527 476 1651 510 exuta

299 535 552 576 vestimento
568 534 751 590 pudoris.

353 604 453 647 XX.
503 622 518 641 «
541 604 639 645 Erat
664 604 777 645 dives
803 604 943 645 valde¹
965 623 1005 652 ‚»
1037 612 1184 661 utpote
1215 605 1281 645 cui
1312 605 1415 646 nihil
1442 606 1653 650 bonorum

299 675 469 723 deerat,
490 690 580 730 quae
603 689 687 714 non
711 673 831 714 alieni
850 682 938 715 erat
961 682 1182 731 appetens,
1204 689 1295 730 quae
1318 669 1469 717 nullius
1491 676 1653 734 indige-

293 746 386 791 bat,
417 746 530 800 quod
560 759 683 786 suum
716 743 796 784 dici
819 745 956 785 vellet.
993 745 1083 785 Hoc
1116 752 1179 785 est
1201 744 1313 785 enim
1341 760 1429 786 esse
1453 746 1650 796 divitem,

288 815 445 857 habere
468 815 582 871 quod
599 814 694 855 satis
713 814 918 855 voluntati
944 814 1008 855 sit.
1038 815 1278 857 Mens-aram
1303 815 1415 856 enim
1440 816 1654 874 frugalitas

294 884 442 933 habet,
469 900 618 926 census
650 900 734 925 non
756 885 917 933 habet,
941 884 1062 940 cujus
1094 885 1244 925 modus
1273 884 1312 926 in
1345 885 1516 927 arbitrio
1539 903 1655 943 qute—

293 957 422 998 rentis
439 965 513 998 est.
550 957 647 997 Erat
672 964 808 997 autem
833 955 947 996 dives
974 956 1198 1012 pecoribus
1215 988 1224 1003 ‚
1246 965 1415 1013 argento
1432 990 1442 1005 ,
1468 966 1510 999 et
1534 965 1650 1001 auro.

297 1027 411 1078 Quid
443 1027 519 1068 sibi
548 1026 631 1068 hoe
661 1025 775 1067 vult?
802 1025 893 1068 Non
925 1025 1029 1066 mihi
1053 1026 1249 1068 videntur
1279 1027 1319 1068 in
1353 1027 1524 1069 homine
1543 1029 1656 1085 justo

300 1098 524 1138 saeculares
563 1096 714 1137 dix-itiae
738 1095 910 1137 laudari.
952 1096 1069 1137 [nde
1098 1096 1137 1136 in
1170 1096 1391 1153 pecoribus
1419 1099 1655 1154 corporales

299 1183 445 1209 sensus
464 1167 648 1223 intelligo
662 1200 672 1214 ,
696 1166 791 1222 quia
809 1173 850 1207 et
867 1165 943 1222 ipsi
963 1166 1267 1207 irrationabiles
1292 1175 1409 1228 sunt3
1430 1167 1468 1208 in
1485 1176 1654 1225 argento

296 1251 552 1284 sermonem,
582 1236 622 1276 in
644 1251 746 1276 auro
767 1244 966 1277 mentem.
996 1236 1142 1278 Merito
1167 1236 1281 1277 dives
1303 1245 1393 1278 erat
1414 1236 1652 1287 Abraham,
1700 1256 1702 1259 ·

297 1305 393 1362 quia
416 1306 585 1362 regebat
613 1321 756 1346 sensus
778 1305 1097 1346 irrationabiles.
1124 1305 1315 1361 Denique
1333 1314 1373 1347 et
1402 1306 1588 1354 domuit,
1613 1314 1656 1348 et

294 1384 535 1418 mansuetos
566 1375 686 1422 feeit,
718 1383 763 1416 ut
793 1374 942 1416 fierent
969 1375 1249 1416 rationabiles.
1280 1375 1473 1416 Habebat
1495 1390 1656 1417 sermo-

296 1460 394 1487 nem
427 1444 523 1486 fidei
556 1446 696 1493 colore
726 1445 1020 1501 splendidum,
1055 1453 1278 1502 purgatum
1310 1444 1502 1501 spiritalis
1526 1444 1656 1502 gratia

298 1515 524 1571 disciplinae
548 1530 555 1556 :
578 1515 759 1556 habebat
784 1522 970 1556 mentem
998 1516 1166 1572 plenam
1200 1514 1445 1571 prudentiae.
1483 1514 1534 1554 Et
1563 1513 1655 1555 ideo

296 1600 398 1627 auro
430 1593 697 1642 eomparatur
731 1600 850 1626 mens
883 1585 1015 1632 bona3
1055 1584 1151 1640 quia
1180 1585 1287 1626 sicut
1319 1599 1467 1626 aurum
1496 1584 1656 1626 eaeteris

294 1664 463 1714 praestat
485 1657 663 1697 metallis
687 1670 694 1696 :
720 1655 774 1696 ita
795 1670 913 1696 mens
935 1655 1044 1695 bona
1075 1655 1113 1695 in
1142 1655 1314 1696 homine
1333 1654 1494 1696 caeteris
1517 1653 1657 1710 potior

297 1735 359 1768 est
381 1727 573 1768 humanm
602 1725 841 1766 substantiae
865 1725 1140 1782 portionibus.
1176 1726 1222 1766 In
1257 1725 1390 1766 tribus
1416 1724 1542 1780 igitur
1562 1738 1658 1765 een-

298 1812 366 1838 sus
389 1796 606 1853 sapientis,
631 1795 673 1835 in
696 1791 1060 1843 sensugsermone
1076 1827 1086 1842 ‚
1111 1802 1254 1835 mente
1280 1809 1288 1835 :
1315 1795 1468 1851 gradus
1485 1793 1658 1849 quidam

297 1882 374 1924 per
408 1866 597 1907 ordinem
640 1865 800 1914 factus,
840 1865 946 1906 sicut
973 1865 1099 1906 etiam
1133 1865 1175 1906 in
1211 1863 1411 1922 Apostolo
1446 1863 1655 1921 legimus:

310 1937 486 1979 «Manet
524 1944 662 1977 autem
693 1951 807 1992 spes,
847 1935 972 1984 fides,
1009 1935 1188 1976 charitas
1209 1967 1219 1983 ,
1258 1935 1335 1976 tria
1369 1934 1457 1975 haze
1484 1948 1492 1974 :
1521 1932 1659 1989 major

298 2015 469 2048 »autem
503 2006 566 2047 bis
602 2014 662 2047 est
699 2005 922 2047 eharitas2.
950 2023 965 2044 »
999 2005 1050 2046 Et
1085 2020 1203 2046 mens
1241 2005 1366 2061 igitur
1397 2003 1532 2059 major
1567 2010 1654 2051 est3

299 2077 393 2133 quia
413 2077 499 2134 ipsa
522 2084 582 2117 est
605 2091 696 2132 quae
718 2076 835 2116 molit
857 2075 1041 2132 spiritale
1062 2075 1322 2117 frumentum
1338 2106 1348 2122 ,
1379 2083 1425 2116 ut
1448 2073 1660 2131 purgatio-

297 2163 394 2191 nem
427 2164 647 2194 sensuum‚
681 2162 1009 2204 sermonumque
1044 2146 1242 2204 proferat.
1271 2146 1472 2188 Servatur
1498 2145 1658 2202 ubique

301 2234 479 2276 persona
513 2218 709 2275 sapientis
735 2218 824 2260 viri.

360 2289 481 2332 XXI.
517 2289 709 2345 Denique
725 2303 775 2330 eo
794 2288 1010 2329 inducitur
1029 2286 1199 2328 rediisse
1217 2286 1428 2328 Abrabam
1441 2318 1451 2334 ,
1470 2285 1550 2327 hoc
1572 2293 1654 2334 est,

299 2361 341 2402 in
363 2360 511 2401 Bethel
527 2393 538 2409 ‚
571 2359 753 2401 unde-in
775 2359 1003 2416 AEgyptum
1025 2355 1320 2399 descenderat³
1343 2373 1352 2404 ;
1385 2364 1431 2398 ut
1456 2369 1659 2413 agnosea-
1679 2406 1682 2407 ⁷

298 2445 392 2472 mus
416 2432 529 2487 quod
552 2431 678 2472 etiam
700 2430 799 2487 justi
818 2430 858 2471 in
881 2432 1006 2472 domo
1030 2429 1104 2470 Dei
1128 2428 1265 2485 positi,
1284 2435 1325 2469 et
1349 2427 1478 2469 verbo
1497 2425 1576 2467 Dei
1599 2425 1658 2466 in—

300 2501 403 2543 tenti
429 2509 646 2543 tentantur
675 2500 845 2557 quidem
875 2499 1143 2541 saecularibus
1184 2496 1548 2545 afflictat'ionibus3
1585 2495 1660 2536 sed

344 2600 355 2617 ³
377 2591 462 2623 Gen.
477 2602 553 2631 xm,
577 2602 603 2624 1.
623 2611 662 2616 —
681 2602 693 2615 2
715 2603 725 2622 1
745 2591 819 2624 Cor.
838 2590 977 2626 x111,15.
994 2591 1064 2613 ——3
1083 2588 1306 2624 Gen.x·11‚3.
