1742 3233
273 293 358 344 430
815 304 846 331 s,
887 300 1075 331 meaosn

272 380 362 432 estj
378 382 470 440 plus
491 381 619 439 coepit
640 380 831 439 diligere,
857 381 1140 423 abundantius
1161 381 1322 424 caeteris
1343 380 1553 439 Apostolis
1567 383 1622 426 la-

273 456 446 501 borare,
481 467 552 494 vas
586 452 798 493 electionis
838 451 998 498 factus,
1048 452 1194 492 doctor
1234 452 1419 508 gentium
1455 452 1616 495 missus.

272 523 419 565 Nonne
440 521 565 563 etiam
588 521 887 578 Apostolorum
911 520 1097 577 ipsorum
1113 520 1304 576 plurimis
1326 521 1567 563 uberiorem
1583 530 1625 564 et

269 591 552 633 honestiorem
570 597 820 631 consecutus
837 596 898 630 est
915 588 1107 645 gloriam,
1123 589 1193 645 qui
1211 597 1307 630 ante
1323 598 1363 630 et
1380 590 1624 637 inhonestus

268 669 311 702 et
345 660 592 718 ingloriosus
630 659 734 705 fuit,
771 673 867 699 cum
903 666 1226 714 persequeretur
1255 658 1486 700 Ecclesiam
1522 659 1625 701 Dei?

267 731 430 786 Pauper
445 730 521 770 iste
537 728 683 769 debilis
704 727 746 768 in
769 727 954 768 Ecclesia
976 728 1062 783 ipse
1086 736 1127 769 te
1147 729 1327 770 redemit
1349 729 1433 770 suis
1455 729 1576 770 votis.

327 797 484 839 XXVI.
521 797 572 837 Et
603 804 650 836 ut
685 795 844 850 majora
879 796 1113 851 aperiamus
1146 797 1368 853 mysteria,
1409 798 1510 853 quid
1539 805 1626 839 tam

269 867 451 924 ignobile
471 881 596 922 quam
619 865 783 922 gentilis
804 865 1015 922 populus?
1041 866 1218 922 Pauper,
1248 875 1393 924 utpote
1417 868 1488 923 qui
1512 869 1626 910 nulla

272 937 446 978 haberet
466 935 630 991 eloquia
651 935 749 983 Dei,
775 934 922 976 debilis
943 943 985 975 et
1007 943 1187 992 utroque
1208 938 1315 993 pede
1332 938 1532 986 claudus,
1555 938 1627 994 qui

274 1022 352 1048 nec
377 1006 420 1047 in
444 1007 603 1062 legem,
632 1018 711 1046 nec
736 1005 779 1046 in
799 1005 1068 1061 Evangelium
1096 1006 1342 1048 credidisset
1351 1023 1362 1054 3
1382 1014 1554 1048 vocatus
1569 1015 1628 1048 ta-

272 1092 369 1118 men
395 1076 574 1118 credidit
601 1075 661 1122 ei,
694 1074 928 1131 baptizatus
952 1075 1114 1130 accepit
1142 1075 1330 1131 gratiam.
1359 1076 1504 1132 Itaque
1530 1076 1627 1132 quia

271 1148 364 1204 plus
388 1146 425 1187 ei
457 1144 674 1187 dimissum
705 1152 790 1190 est,
828 1145 921 1200 plus
954 1143 1099 1200 diligit.
1131 1145 1347 1186 Remansit
1381 1145 1627 1187 Judaeorum

277 1218 481 1274 populus,
509 1215 607 1256 licet
638 1228 724 1255 uno
755 1215 861 1270 pede
887 1214 1060 1254 claudus
1083 1229 1092 1254 ε
1118 1229 1358 1270 quanquam
1388 1223 1429 1256 et
1460 1214 1500 1255 in
1541 1215 1628 1271 ipsa

271 1287 361 1342 lege
391 1283 611 1325 claudicet.
658 1283 803 1338 Itaque
826 1283 895 1323 ille
925 1282 995 1338 qui
1023 1283 1346 1338 gloriosissimus
1372 1284 1625 1332 habebatur,

275 1353 411 1395 amisit
445 1352 585 1394 onmia
607 1384 636 1401 „
662 1351 899 1392 mirabilem
939 1351 1223 1393 consiliarium
1250 1385 1260 1401 ‚
1302 1361 1344 1394 et
1375 1354 1628 1409 prudentem

270 1424 576 1471 architectum,
612 1431 655 1464 et
686 1421 916 1479 sapientem
943 1422 1190 1464 auditorem.
1228 1423 1309 1464 Iste
1333 1424 1401 1480 qui
1433 1423 1627 1481 ignobilis

272 1502 386 1541 erat,
425 1494 598 1548 adeptus
639 1491 778 1532 omnia
818 1490 914 1532 fidei
956 1491 1099 1540 titulo,
1142 1493 1328 1549 trophaeo
1370 1501 1623 1550 martyrum,

271 1563 526 1620 Angelorum
554 1561 754 1618 gloriatur
782 1562 1006 1602 consortio.
1041 1562 1150 1619 Ergo
1173 1563 1290 1604 Plato
1322 1565 1435 1620 quo'd
1462 1564 1624 1620 potuit,

272 1633 474 1675 sermonis
496 1632 675 1673 nitorem
700 1631 889 1672 adhibuit
914 1646 922 1671 :
948 1630 1171 1687 Apostolus
1191 1641 1330 1674 autem
1349 1633 1421 1689 qui
1443 1632 1627 1685 habebat

271 1702 346 1744 Dei
375 1701 592 1758 spiritum,
631 1691 829 1741 revelavit
862 1701 1122 1756 mysterium.
1162 1700 1268 1742 Satis
1300 1702 1459 1744 dictum
1485 1710 1548 1744 est
1574 1703 1626 1744 de

273 1771 402 1819 ostio;
428 1770 624 1827 quoniam
646 1769 715 1825 qui
737 1777 848 1810 retro
870 1777 1011 1817 erant,
1036 1769 1194 1825 priores
1210 1770 1310 1811 facti
1334 1779 1443 1812 sunt.

270 1913 496 1930 §WWUVWVWNJ
502 1912 635 1929 beuvvv
639 1914 710 1929 ννιΜ
718 1912 944 1929 νννΜνῑἿᾺΛιὶΛΝ
948 1911 1215 1928 wsvwvvummuwr
1219 1911 1302 1928 ᾺΝΑΙἿἈ
1306 1913 1347 1929 Μ
1351 1911 1620 1931 mmmmm

803 2036 980 2080 CAPUT
1010 2036 1084 2080 IX.

271 2199 356 2242 Per
393 2191 606 2253 inferiora
645 2203 760 2233 are-ce
796 2201 876 2230 nos
907 2186 1080 2230 edoceri
1114 2187 1334 2230 ciborum
1349 2189 1622 2247 receptacula

327 2266 513 2310 minimi
536 2278 620 2305 esse
649 2259 878 2319 facienda;
909 2268 948 2300 et
968 2258 1049 2299 hae
1071 2259 1293 2300 occasione
1319 2258 1369 2300 de
1397 2259 1622 2301 intestino-

325 2351 429 2379 rum
452 2331 800 2392 conformatione
835 2344 884 2370 ae
922 2343 1000 2370 usa
1035 2328 1304 2385 disputatur.
1342 2328 1535 2370 Eoeoriri
1567 2343 1622 2370 σω

328 2403 668 2461 intemperantia
691 2399 938 2450 diluvium,
969 2398 1135 2454 quodve
1156 2398 1457 2440 adhibendum
1488 2398 1530 2440 ei
1553 2413 1622 2440 re·-

324 2475 523 2517 medium
545 2474 623 2521 sit,
647 2469 904 2512 ostenditur.

326 2607 504 2658 XXVII.
539 2606 656 2652 NUNC
675 2604 778 2650 illud
792 2617 1046 2664 quaeramus,
1070 2601 1172 2660 quid
1193 2602 1247 2646 sit
1267 2602 1381 2660 quod
1402 2601 1459 2649 ait
1476 2601 1617 2649 Domi-
