1742 3233
466 296 518 322 DE
556 294 764 322 ΑΒΜΗΑΜ.
805 294 882 322 Lm.
923 297 948 323 1.
1306 286 1387 338 541
1434 301 1437 305 -

29 376 304 433 conspiciant.
336 374 413 416 Hic
438 389 522 415 non
549 375 685 416 solum
707 372 809 415 vidit
832 363 996 423 locum,
1024 377 1097 416 sed
1119 376 1245 419 etiam
1266 379 1390 436 longe

28 446 190 504 positus
216 443 384 501 aspexit.

86 513 245 556 LXXI.
283 512 368 554 Nec
395 512 600 555 dubitavit
624 513 790 562 vidisse,
816 515 887 555 sed
911 514 966 555 ait
988 517 1133 571 pueris
1156 518 1263 560 suis:
1281 536 1296 557 «
1314 518 1392 560 Se·-

27 585 156 627 „dete
178 583 247 625 hic
272 597 371 624 cum
396 582 508 624 asina
531 598 540 624 ε
572 598 648 640 ego
673 591 813 624 autem
846 592 887 625 et
911 600 1017 641 puer
1048 588 1393 642 pertransibimus

28 669 192 710 »usque
214 653 335 700 illuc;
354 661 395 694 et
412 667 509 693 cum
527 653 856 701 adoraverimus,
882 662 1142 696 revertemur
1160 658 1211 698 ad
1226 673 1298 698 vos
1311 657 1341 699 ¹.
1363 676 1378 696 »

26 722 176 768 Merito
208 730 330 779 typus
356 722 399 763 in
433 721 562 770 asina,
592 721 688 778 quia
715 731 756 764 et
786 722 938 764 veritas
961 723 1002 764 in
1025 727 1139 780 pullo
1166 726 1301 767 asinae.
1342 728 1389 768 In

29 792 113 835 hoc
127 793 240 834 enim
255 793 465 834 animante
483 791 687 848 figuratur
705 794 885 849 populus
904 794 1140 850 gentilium,
1161 804 1255 838 ante
1275 796 1391 837 oneri

27 862 261 918 subjectus,
285 877 397 903 nunc
422 861 587 903 Christo
612 861 816 904 subditus.
846 863 963 904 Isaac
986 879 1086 921 ergo
1113 865 1267 908 Christi
1292 882 1390 923 pas-

29 931 116 974 suri
137 939 197 972 est
220 939 355 987 typus.
386 930 507 972 Venit
530 931 571 971 in
595 931 722 978 asina,
744 940 788 973 ut
808 933 1045 974 crediturus
1062 936 1241 990 populus
1260 937 1391 977 natio-

37 1016 143 1043 num
168 1000 484 1058 significaretur.
518 1001 700 1057 Ideoque
722 1010 763 1042 et
779 1002 983 1054 Dominus
1007 1017 1104 1044 cum
1129 1005 1179 1045 ad
1201 1005 1382 1058 subcun-

30 1073 132 1116 dam
163 1087 238 1128 pro
273 1071 393 1112 nobis
422 1071 658 1127 passionem
689 1071 863 1119 veniret,
898 1074 1061 1128 pullum
1100 1074 1220 1114 asinae
1253 1075 1389 1124 solvit,

27 1157 156 1199 quem
179 1141 267 1197 ipse
291 1140 482 1182 consedit
515 1140 641 1181 etiam
669 1140 814 1181 mitem
843 1149 969 1197 atque
992 1151 1274 1192 mansuetum,
1305 1143 1392 1200 jam

31 1211 200 1254 Christo
233 1226 306 1252 sua
341 1218 456 1267 terga
489 1211 744 1252 credentem.
784 1210 910 1261 Quod
937 1220 1077 1253 autem
1102 1213 1219 1254 ait:«
1232 1215 1319 1271 Ego
1351 1224 1393 1257 et

27 1297 165 1339 »puer
185 1281 530 1339 pertransibimus
547 1281 670 1328 viam,
688 1282 977 1323 »demonstrat
999 1284 1112 1338 qnod
1129 1298 1213 1324 non
1233 1284 1392 1327 defice-

28 1360 94 1394 ret
115 1352 157 1393 in
181 1360 295 1394 tanto
322 1359 521 1409 apparatu
547 1359 680 1408 pater,
715 1367 798 1393 non
823 1354 991 1394 cederet
1019 1354 1158 1394 filius:
1193 1363 1264 1396 aut
1292 1356 1388 1411 quia

26 1421 333 1478 pertransirent
353 1421 517 1477 pietatis
536 1421 721 1462 remedio
744 1422 846 1462 tanti
865 1421 1059 1463 facinoris
1085 1424 1386 1467 austeritatem.

25 1492 203 1534 Addidit
222 1508 231 1533 :
250 1510 265 1529 «
286 1492 352 1534 Ad
374 1508 445 1534 vos
469 1501 742 1533 revertemur.
766 1492 1064 1549 »Prophetavit
1088 1494 1201 1550 quod
1223 1495 1392 1551 ignora-

28 1563 114 1605 hat.
156 1563 249 1619 Ipse
281 1564 390 1604 solus
427 1562 676 1618 disponebat
708 1562 845 1603 redire-
862 1594 871 1610 ,
913 1562 1129 1604 immolato
1165 1563 1250 1605 filio
1273 1580 1280 1605 :
1318 1567 1392 1606 sed

25 1632 233 1674 Dominus
265 1649 340 1689 per
369 1648 413 1673 os
444 1632 535 1688 ejus
558 1633 723 1673 loeutus
746 1640 808 1673 est
832 1633 944 1688 quod
971 1634 1246 1689 praeparabat.
1277 1633 1388 1691 Cap-

27 1702 132 1744 tiose
166 1702 255 1760 (42)
292 1711 432 1744 autem
467 1702 719 1757 loquebatur
757 1717 855 1742 cum
895 1702 1102 1750 servulis,
1137 1718 1189 1744 ne
1225 1703 1392 1759 cognito

28 1773 219 1830 negotio,
258 1773 479 1829 impediret
508 1771 679 1827 aliquis,
715 1780 783 1813 aut
812 1772 970 1829 gemitu
997 1773 1283 1830 obstreperet,
1320 1782 1390 1816 aut

30 1843 149 1886 fletu.

89 1912 265 1955 LXXII.
315 1912 516 1969 «Accepit
541 1921 680 1954 autem
702 1913 812 1969 ligna
838 1912 1089 1962 holocausti,
1124 1922 1165 1955 et
1193 1914 1391 1972 imposuit

34 1983 180 2024 „Isaac
203 1981 288 2024 filio
309 1998 409 2024 suo:
435 1984 595 2040 accepit
619 1991 659 2025 et
687 1983 824 2040 ignem
848 1983 934 2040 ipse
953 1983 996 2025 in
1013 1999 1141 2025 manu
1158 1993 1198 2026 et
1216 1986 1394 2028 machae-

35 2052 198 2094 »ram².
217 2051 526 2094 »Consecratur
547 2053 673 2095 sacris
690 2053 825 2095 hostia
846 2053 1103 2102 ministeriis,
1124 2062 1164 2096 et
1182 2069 1395 2097 commen-

35 2125 163 2167 datur
175 2123 326 2165 sutura.
349 2124 453 2174 Quae
465 2124 630 2180 pietatis
647 2123 781 2164 hostia
795 2123 851 2180 pii
870 2131 965 2164 ante
982 2123 1201 2166 ministerii
1225 2133 1396 2168 vectura

35 2201 113 2235 est.
142 2193 272 2250 Ligna
294 2193 409 2235 Isaac
433 2193 511 2234 sihi
533 2193 657 2241 vexit,
685 2192 874 2234 Christus
899 2192 976 2233 sibi
997 2193 1235 2250 patibulum
1260 2195 1397 2237 crucis

34 2263 230 2321 portavit.
268 2261 482 2304 Abraham
516 2262 795 2305 comitabatur
827 2261 975 2311 filium,
1008 2262 1131 2304 Pater
1162 2264 1388 2309 Christum.

37 2333 126 2377 Nec
146 2334 261 2375 Isaac
283 2335 409 2382 solus,
433 2348 511 2375 nec
532 2332 653 2374 Jesus
675 2335 798 2374 solus.
833 2332 1024 2389 Denique
1043 2333 1123 2375 ait:
1142 2334 1313 2376 «Solum
1330 2352 1397 2379 me

38 2404 329 2459 »relinquetis,
353 2411 396 2445 et
418 2419 502 2445 non
526 2418 618 2444 sum
644 2405 771 2451 solus,
802 2403 898 2459 quia
919 2402 1041 2444 Pater
1058 2417 1228 2446 mecum
1245 2405 1346 2448 est³.
1369 2426 1385 2447 »

92 2473 293 2518 LXXIII.
342 2474 477 2516 «Dixit
494 2483 633 2516 autem
647 2475 760 2516 Isaac
779 2475 831 2515 ad
846 2473 1060 2516 Abraham
1078 2484 1239 2532 patrem
1253 2492 1392 2520 suum:

37 2544 204 2587 oPater.
233 2544 317 2596 Qui
345 2544 471 2587 dixit:
498 2545 709 2598 Quidvis,
734 2543 817 2587 fili⁶
835 2542 852 2585 P
870 2544 1091 2588 »Pulsatur
1126 2546 1292 2605 pietatis
1322 2564 1398 2595 vo-

85 2642 97 2660 ⁸
115 2634 203 2669 Gen.
222 2646 303 2676 xxii,
317 2637 347 2685 ⁵:
363 2654 401 2662 -—
416 2647 428 2663 2
447 2637 579 2671 1bid.6.
599 2656 635 2663 —
656 2638 666 2661 ³
687 2638 782 2671 Joan.
802 2646 870 2674 xvi,
885 2636 936 2668 52.
954 2638 1019 2664 -4
1039 2635 1125 2670 Gen.
1142 2648 1223 2679 xxii,
1238 2649 1270 2680 7.
