1742 3233
432 341 481 372 tm
514 340 724 374 mmmm.
764 343 881 374 141ssssss
916 346 1028 374 υΝιις.
1327 336 1405 377 321

65 442 80 464 2»
95 422 135 464 in
156 436 294 464 escam
311 424 474 479 populis
497 423 741 481 AEthiopum
758 423 789 466 ¹.
812 425 929 466 »Hoc
953 425 1078 481 igitur
1103 426 1152 465 de
1175 440 1224 466 eo
1251 426 1410 468 dictum

65 500 147 541 est,
182 493 295 548 quod
327 507 410 534 non
438 494 697 535 mandaverit
727 494 848 551 tangi.
883 495 1009 545 Quod
1037 503 1175 536 autem
1207 511 1289 537 non
1314 513 1413 554 pro-

64 562 268 611 hibuerit,
289 562 389 618 quid
406 563 630 619 inteliigam
651 565 803 621 accipe.
829 564 935 605 Sunt
952 566 1081 605 multa
1104 580 1195 620 ‹111ae
1216 576 1413 614 noceant,

66 631 98 673 si
128 641 223 674 ante
251 632 504 674 voluerimus
536 634 723 681 haurire,
760 650 885 689 quam
918 649 1007 690 qum
1041 634 1121 675 siut
1146 635 1211 676 illa
1238 651 1417 693 cognos-

68 718 176 745 cere.
200 703 303 744 Nam
322 711 362 744 et
379 704 431 743 de
454 703 556 743 cibis
574 711 615 744 et
632 711 732 760 potu
750 705 998 760 plerumque
1013 704 1219 746 usuvenit.
1248 705 1415 762 Quippe

68 772 99 813 si
121 772 163 813 id
186 773 298 827 quod
317 787 504 812 amarum
525 780 602 820 est,
623 781 718 814 ante
736 787 976 830 cognoscas,
999 773 1135 814 induis
1150 774 1414 831 patientiam;

69 851 109 884 et
131 842 162 883 si
185 843 387 899 inteliigas
420 843 486 883 illa
509 858 599 899 quae
623 852 719 885 sunt
740 860 878 885 amara
902 847 1098 901 prodesse
1116 877 1125 891 ‚
1152 844 1288 885 induis
1313 846 1419 885 tole-

70 913 270 961 rantiam,
297 928 349 953 ne
371 912 556 954 offendat
585 915 817 956 amaritudo
844 923 884 956 te
912 915 1151 972 repentina,
1176 924 1217 956 et
1245 915 1419 972 incipias

68 982 243 1038 rejicere
275 982 502 1038 profutura.
536 983 708 1024 Prodest
732 1000 831 1041 ergo
860 993 953 1026 ante
988 998 1265 1040 cognoscere3
1298 992 1345 1024 ut
1371 999 1421 1024 ex

67 1067 116 1093 eo
139 1053 251 1108 quod
269 1052 510 1108 cognoveris
530 1053 798 1109 profuturum
816 1085 825 1100 ,
852 1068 928 1094 uec
950 1068 1089 1093 amara
1114 1052 1308 1093 fastidias.
1339 1052 1422 1094 Sed

67 1122 156 1163 haec
182 1121 321 1162 minus
345 1136 498 1162 nocere
519 1130 693 1177 possunt
715 1137 724 1162 :
746 1116 849 1163 illud
872 1123 986 1178 quod
1014 1121 1162 1178 magis,
1188 1121 1265 1162 nisi
1283 1122 1423 1179 provi-

71 1191 236 1239 deatur,
262 1205 416 1231 nocere
437 1191 586 1247 possit,
612 1192 792 1232 adverte.

129 1261 274 1303 LXIII.
308 1261 484 1302 Gentilis
507 1261 677 1316 quidam
701 1269 784 1309 est,
814 1262 865 1302 ad
889 1260 1014 1302 fidem
1036 1261 1171 1302 tendit
1191 1276 1199 1302 ε
1223 1261 1425 1302 catechu—

68 1346 217 1373 menus
234 1340 316 1379 est,
335 1331 538 1386 majorem
566 1332 652 1371 vult
675 1331 865 1387 accipere
888 1330 1089 1371 doctrina}
1113 1339 1154 1371 et
1178 1329 1275 1371 fidei
1297 1331 1428 1387 pleni-

70 1401 257 1442 tudinem
274 1418 284 1448 3
301 1408 442 1442 caveat
460 1415 510 1441 ne
524 1401 624 1440 dum
642 1402 729 1441 vult
748 1400 924 1448 discere,
943 1401 1053 1440 male
1072 1399 1202 1440 discat
1215 1433 1225 1448 ,
1239 1409 1279 1441 et
1294 1401 1427 1442 discat

71 1487 90 1512 a
103 1470 281 1513 Photino
293 1502 302 1517 ,
319 1470 449 1512 discat
462 1470 509 1511 ab
525 1470 640 1518 Ario,
659 1471 791 1512 discat
804 1486 824 1511 a
839 1470 1020 1511 Sabellio
1037 1471 1197 1511 :tradat
1221 1485 1263 1511 sc
1278 1470 1427 1526 hujus-

69 1541 183 1583 modi
199 1540 402 1598 magistris
420 1556 599 1597 quorum
624 1541 816 1596 qucedam
836 1556 933 1582 eun]
960 1549 1098 1582 teneat
1116 1541 1364 1589 auctoritas;
1386 1548 1429 1582 et

71 1610 266 1652 inductus
277 1611 456 1666 quadam
469 1610 765 1667 magistrorum
776 1611 1118 1667 praesumptione,
1136 1610 1290 1652 teneris
1304 1610 1429 1651 sensi-

69 1681 148 1722 bus
176 1681 376 1737 impressa
403 1679 633 1736 dijudicare
664 1696 749 1721 non
779 1681 953 1722 noverit.
990 1681 1108 1721 Prius
1138 1680 1262 1736 igitur
1295 1679 1428 1721 oculis

71 1749 459 1806 mentisperspiciat
474 1750 575 1805 quid
593 1758 790 1806 sequatur
812 1766 820 1791 :
843 1750 977 1791 videat
993 1751 1064 1791 uhi
1086 1751 1166 1791 vita
1185 1750 1236 1791 sit
1257 1767 1266 1790 :
1288 1736 1430 1807 tangat

71 1820 252 1877 denique
266 1813 503 1861 divinarum
514 1820 652 1861 vitalia
665 1820 910 1870 lectionum,
925 1829 969 1862 ut
983 1822 1098 1861 nullo
1111 1835 1237 1876 pravo
1247 1819 1430 1861 offenda-

72 1900 140 1934 tur
158 1892 397 1947 interprete.
424 1889 542 1946 Legit
560 1889 616 1931 illi
638 1890 866 1938 Sabellius,
884 1908 899 1927 «
916 1891 1001 1946 Ego
1021 1884 1223 1938 in'Patre‚
1247 1898 1288 1931 et
1307 1890 1429 1931 Pater

73 1980 88 2000 »
123 1962 164 2003 in
183 1976 249 2002 me
270 1959 283 1980 ²
298 1992 308 2008 ‚
336 1968 377 2002 et
403 1960 503 2001 dicit
524 1975 650 2001 unam
674 1976 764 2001 esse
784 1975 1018 2016 personam.
1048 1959 1166 2015 Legit
1186 1959 1390 2002 Photinus
1415 1976 1424 2001 :

83 2031 223 2081 «Quia
250 2030 456 2071 mediator
477 2030 555 2070 Dei
576 2038 617 2070 et
643 2026 863 2070 hominum
887 2027 1014 2070 homo
1039 2028 1230 2070 Christus
1253 2028 1376 2069 Jesus
1394 2028 1422 2071 ³.

75 2101 127 2142 Et
157 2099 254 2142 alibi
279 2114 320 2140 z«
344 2098 459 2149 Quid
487 2113 556 2139 me
585 2099 708 2140 vultis
747 2098 940 2140 occidere
966 2098 1182 2139 hominem
1199 2098 1210 2119 ‘⁵
1239 2098 1256 2140 P
1278 2097 1428 2156 »Legit

73 2171 199 2212 etiam
217 2169 338 2212 Arius
356 2169 450 2225 quia
469 2168 569 2210 dixit
589 2183 598 2210 :
616 2187 631 2206 «
654 2169 865 2221 Quoniam
884 2168 1006 2210 Pater
1022 2167 1158 2224 major
1174 2184 1242 2210 me
1259 2177 1321 2210 est
1340 2168 1371 2210 ⁵.
1401 2187 1417 2207 »

72 2241 245 2298 Legitur
271 2239 441 2296 quidem
462 2237 730 2280 manifestum
751 2254 760 2279 ε
783 2240 855 2279 sed
874 2253 954 2294 qua
977 2238 1138 2280 ratione
1161 2239 1321 2279 dictum
1347 2238 1424 2288 sit,

76 2311 202 2352 debet
218 2318 313 2351 ante
330 2317 585 2366 pertractare
605 2324 768 2356 secum,
789 2317 834 2350 ut
859 2309 1065 2350 rationem
1094 2309 1304 2350 dictorum
1327 2298 1430 2365 Ροε-υ

74 2382 125 2424 sit
154 2382 382 2422 advertere.
409 2379 588 2421 Ducitur
617 2381 798 2435 quadam
825 2379 1120 2436 magistrorum
1155 2379 1423 2429 auctoritate;

73 2459 116 2492 et
139 2450 360 2507 profuisset
384 2449 421 2490 ei
444 2465 528 2490 non
551 2449 744 2505 quaesisse
760 2481 770 2496 ‚
795 2464 918 2504 quam
949 2449 1072 2489 talem
1097 2448 1299 2490 invenisse
1324 2450 1428 2490 does-

74 2529 225 2564 torem.
248 2520 332 2562 Sed
347 2519 471 2560 etiam
489 2519 652 2576 gentilis
670 2519 702 2560 si
721 2518 813 2575 quis
831 2518 1068 2574 Scripturas
1087 2517 1280 2576 accipiat,
1295 2518 1395 2575 legit
1415 2534 1424 2560 :

122 2627 132 2643 ¹
163 2619 245 2652 Psal.
272 2630 386 2655 mxxiii,
414 2617 465 2656 14.
489 2636 528 2642 —
546 2628 559 2642 ²
586 2616 679 2650 Joan.
707 2627 775 2656 xiv,
808 2627 856 2649 10.
883 2616 956 2640 —3
986 2626 995 2646 1
1026 2615 1110 2647 Tim.
1138 2625 1176 2654 11,
1196 2615 1226 2646 5.
1247 2631 1285 2639 —-
1304 2614 1428 2648 ⁴Joan.

75 2683 150 2714 viu,
165 2673 216 2712 40.
238 2691 279 2698 -
297 2674 310 2696 ⁵
331 2673 381 2705 ld.
401 2682 471 2710 mv,
489 2671 540 2705 28.

222 2743 298 2772 mv.
1228 2742 1276 2770 21
