1747 3260
319 241 380 282 56
874 253 904 279 s.
945 254 1135 281 ,ninnosu

323 330 491 387 inquam
510 363 520 379 ,
549 331 714 372 clausus
740 329 782 370 in
805 329 1126 388 nobismetipsis.
1158 331 1424 388 Propositum
1445 338 1566 374 tuum
1588 346 1678 390 spe-

324 404 488 449 Cularo,
526 401 719 442 habitum
748 408 828 442 tuae
856 400 1008 442 mentis
1040 403 1208 458 explora
1226 435 1235 449 ‚
1269 401 1465 442 excubias
1495 402 1678 444 obtende
1724 426 1728 446 ς

324 473 546 514 adversum
562 471 714 512 mentis
738 479 818 512 tuae
831 470 1117 527 cogitationes,
1135 479 1176 512 ct
1191 471 1316 512 animi
1331 471 1591 528 cupiditates.
1614 472 1680 513 Tu
1724 498 1728 529 3

325 541 413 597 ipse
434 542 506 582 tibi
523 557 566 582 es
589 555 711 582 causa
731 540 1024 597 improbitatis,
1046 550 1091 582 tu
1113 541 1199 598 ipse
1217 543 1301 583 dux
1317 540 1571 598 flagitiorum
1587 550 1680 583 tuo-

324 626 438 660 rum,
451 611 1019 667 atqueincentorcriminum.
1038 611 1537 662 Quidaliena111naturam
1549 626 1681 653 arces·
1725 622 1729 670 ᾗ

322 681 380 722 sis
404 684 455 722 ad
475 682 784 722 excusationem
802 690 971 722 tuorum
988 682 1210 738 lapsuum?
1238 682 1405 723 Utinam
1429 690 1468 723 te
1489 682 1576 739 ipse
1593 697 1679 723 non
1726 690 1729 703 '

328 751 589 808 impelleres,
622 751 784 792 utinam
805 766 888 792 non
916 751 1221 808 praecipitares,
1254 750 1416 793 utinam
1440 767 1525 793 non
1546 751 1682 794 invol-
1726 765 1729 812 ᾗ

331 835 448 861 vere-s
470 829 539 861 aut
561 821 706 861 studiis
730 821 1164 869 immoderatioribus,
1191 830 1263 863 aut
1280 822 1562 878 indignatione
1577 854 1588 871 ‚
1610 831 1681 863 aut
1726 841 1730 879 ζ

333 890 653 947 cupiditatibus,
684 905 777 946 quae
808 905 883 931 nos
906 890 1078 932 innexos
1099 893 1212 932 velut
1243 892 1494 948 quibusdam
1521 891 1681 933 retibus
1728 936 1729 943 ἵ

326 967 482 1001 tenent.
519 959 572 1000 Et
605 967 718 1000 certe
746 960 787 1000 in
811 960 929 1002 nobis
961 968 1022 1002 est:
1045 961 1254 1002 moderari
1289 962 1450 1010 studia,
1483 961 1682 1003 cohibere

327 1029 613 1078 iracundiam,
639 1034 835 1071 co'e'rcere
861 1030 1110 1087 cupiditates
1137 1047 1145 1072 :
1173 1031 1214 1072 in
1237 1031 1356 1073 nobis
1381 1039 1443 1073 est
1463 1031 1590 1073 etiam
1613 1031 1682 1073 in-
1728 1045 1729 1050 ¹

330 1099 500 1155 dulgere
530 1099 703 1141 luxuriae
721 1132 731 1147 ,
765 1100 931 1142 adolere
957 1101 1152 1142 libidines
1173 1134 1183 1149 ‚
1223 1101 1484 1143 inflammare
1512 1102 1683 1143 iracun-
1728 1102 1730 1140 ζ

329 1169 455 1217 diam,
481 1171 545 1210 vel
565 1169 841 1211 inflammanti
868 1185 1010 1212 aurem
1028 1173 1365 1218 accommodare,
1390 1171 1682 1229 elevarimagis
1728 1199 1731 1233 ζ

326 1241 546 1296 superbia,
572 1240 730 1282 effundi
757 1241 797 1282 in
831 1241 1050 1290 saevitiam,
1077 1257 1202 1298 quam
1229 1242 1398 1299 reprimi
1420 1242 1679 1292 humilitate,

329 1310 500 1366 diligere
522 1311 904 1352 mansuetudinem.
935 1311 1050 1362 Quid
1070 1320 1263 1353 naturam
1283 1327 1454 1354 accusas
1477 1327 1501 1353 o
1524 1312 1682 1354 homo?
1728 1333 1730 1356 ;

329 1379 465 1427 Habet
487 1380 554 1421 illa
575 1382 690 1421 velut
712 1381 1010 1437 impedimenta
1034 1383 1224 1438 quaedam
1242 1390 1532 1435 ,senectutem
1554 1389 1596 1424 et
1617 1382 1684 1424 in—
1717 1421 1720 1425 .

331 1447 587 1492 firmitatem.
623 1451 706 1492 Sed
737 1460 928 1493 senectus
957 1452 1041 1509 ipsa
1072 1452 1112 1493 in
1137 1452 1257 1493 bonis
1286 1452 1474 1494 moribus
1503 1452 1680 1501 dulcior,
1728 1469 1731 1490 1

329 1520 372 1561 in
395 1521 575 1562 consiliis
600 1521 755 1570 utilior,
783 1524 834 1563 ad
851 1523 1128 1564 constantiam
1148 1523 1375 1564 subeundae
1391 1523 1537 1564 mortis
1559 1537 1685 1580 para-
1728 1541 1731 1563 ε

334 1589 430 1637 tior,
459 1592 508 1631 ad
537 1591 822 1648 reprimendas
853 1592 1047 1634 libidines
1076 1592 1234 1634 sortior.
1265 1591 1490 1634 Infirmitas
1515 1603 1683 1649 quoque

328 1661 540 1716 corporis,
561 1662 761 1704 sobrietas
773 1663 923 1703 mentis
946 1671 1018 1704 est.
1045 1664 1162 1705 Unde
1185 1663 1240 1704 ait
1262 1663 1486 1720 Apostolus
1512 1659 1554 1704 :'«
1573 1663 1683 1706 Cum
1728 1686 1732 1732 ἱ

326 1746 344 1767 »
381 1729 588 1780 infirmor,
615 1740 716 1773 tunc
738 1740 886 1789 potens
908 1732 1039 1774 sum'.
1063 1751 1078 1770 »
1102 1734 1247 1789 Itaque
1268 1748 1353 1774 non
1375 1734 1416 1774 in
1438 1733 1681 1783 virtutibus,

328 1801 405 1840 sed
441 1800 754 1843 infirmitatibus
784 1803 1052 1860 gloriabatur.
1090 1803 1351 1862 Responsum
1381 1819 1548 1861 quoque
1578 1803 1684 1846 divi-

329 1883 432 1910 num
459 1870 618 1912 refulsit
651 1874 820 1914 oraculo
854 1873 1056 1921 salutari3
1088 1874 1182 1930 quia
1213 1874 1344 1916 virtus
1369 1875 1410 1915 in
1441 1873 1683 1917 infirmitate

328 1950 660 1984 consummatur.
688 1943 761 1983 Illa
785 1945 968 1984 cavenda
982 1976 992 1992 ,
1013 1958 1103 2000 quae
1125 1959 1176 1985 ex
1191 1953 1331 1986 nostra
1348 1945 1562 1986 voluntate
1583 1959 1685 2002 pro—

329 2011 489 2057 deum,
515 2012 662 2053 delicta
687 2012 916 2068 juventutis
932 2046 941 2061 ‚
971 2021 1013 2054 et
1034 2013 1337 2056 irrationabiles
1359 2014 1572 2071 passiones
1595 2029 1685 2056 cor-
1729 2023 1732 2074 j

332 2081 462 2136 poris.
492 2082 685 2132 Quor-um
703 2083 829 2139 igitur
844 2098 920 2124 nos
937 2099 1081 2125 sumus
1105 2084 1286 2133 domini,
1305 2085 1458 2127 horum
1479 2082 1682 2142 principia
1729 2115 1732 2146 ;

328 2150 588 2193 extrinsecus
606 2168 691 2194 non
712 2154 997 2210 requiramus3
1031 2170 1108 2197 nee
1128 2155 1362 2197 derivemus
1383 2155 1425 2196 in
1449 2155 1548 2196 alios
1567 2187 1578 2204 ,
1610 2155 1683 2196 sod
1728 2150 1732 2193 ἶ

328 2235 604 2278 agnoscamus
628 2238 675 2264 ea
694 2239 784 2279 quae
802 2224 969 2282 proprie
993 2233 1131 2266 nostra
1156 2234 1263 2267 sunt.
1298 2225 1425 2277 Quod
1447 2225 1559 2266 enim
1584 2239 1683 2282 pos·
1729 2220 1733 2258 ἕ

329 2307 473 2333 sumus
491 2307 574 2334 non
597 2292 733 2335 facere
761 2293 793 2335 si
820 2296 1040 2344 nolumus,
1065 2295 1192 2352 hujus
1213 2295 1461 2337 electionem
1484 2295 1581 2336 mali
1603 2309 1682 2337 no-

333 2361 395 2403 bis
425 2363 563 2419 potius
592 2363 819 2413 debemus,
858 2380 982 2422 quam
1013 2366 1100 2408 aliis
1129 2366 1348 2409 ascribere.
1373 2367 1471 2408 Ideo
1495 2366 1620 2408 etiam
1637 2365 1681 2408 iu
1728 2386 1738 2427 ,ιγ

323 2430 494 2487 judiciis
517 2433 632 2475 istius
656 2435 804 2477 mundi
836 2436 1092 2478 voluntarios
1114 2451 1226 2485 reos,
1252 2452 1335 2478 non
1360 2451 1410 2478 ex
1432 2437 1680 2479 necessitate

314 2503 590 2559 compulsos,
623 2506 744 2563 eulpa
772 2505 1043 2563 constringit,
1078 2521 1201 2564 poena
1231 2508 1495 2549 condemnat.
1535 2500 1680 2563 Neque
1729 2495 1732 2538 ’ἱ

368 2598 381 2613 ⁴
400 2601 416 2622 2
433 2590 508 2625 Cor.
525 2603 646 2629 x11,1o.
