1742 3233
279 301 363 343 270
824 297 852 324 s.
893 290 1089 325 Animosn'

278 393 376 421 men
394 377 578 419 ‘invicem
604 374 714 422 nexi,
740 375 840 430 quid
862 375 972 415 aliud
996 375 1072 416 nisi
1089 376 1626 432 divinamprospicientiam

281 447 488 489 Greatoris
506 446 751 492 ostendunt}
769 452 914 484 utnon
932 444 1013 484 cito
1036 459 1129 485 esca
1147 452 1420 500 pertranseat,
1433 453 1474 486 et
1488 446 1626 487 stat-im

278 531 298 558 a
315 515 537 558 stomacho
555 512 784 555 decurrat?
808 513 933 564 Quod
948 513 980 554 si
998 513 1130 561 fieret,
1157 513 1263 569 jugis
1285 514 1414 554 sames
1431 522 1472 555 et
1496 514 1628 556 conti-

279 601 361 628 nua
384 584 554 626 vorandi
577 583 705 624 libido
723 582 966 623 hominibus
989 583 1238 639 gigneretur.
1263 583 1493 624 ‘Exinanitis
1515 584 1627 625 enim

278 655 506 697 visceribus
523 661 564 694 et
584 652 807 699 exhaustis,
834 653 934 692 dum
956 652 1230 696 momentaria
1252 652 1453 694 effusione
1477 668 1630 694 vacua—

279 733 440 771 rentur,
467 738 634 763 necesse
657 729 765 762 esset
786 721 1080 778 inexplebilem
1104 730 1224 778 atque
1244 722 1522 764 >insatiabilem
1547 722 1628 764 cibi

279 804 319 836 et
351 801 474 851 potus
508 790 694 848 generari
727 791 1012 846 cupiditatem,
1048 807 1172 847 quam
1208 791 1443 832 sineaduhio
1465 799 1629 833 matura

279 880 392 907 mors
414 869 668 918 sequeretur.
698 862 878 916 Ideoque
893 861 1068 918 provide
1091 861 1316 902 conficitur
1332 862 1512 918 primum
1537 877 1628 903 esca

283 935 324 975 in
345 941 464 974 utero
487 930 714 987 superiore,
742 929 890 970 deinde
914 929 956 970 in
978 929 1117 985 jecore
1137 931 1347 986 coquitur,
1375 931 1548 987 ejusque
1565 946 1632 972 va-

279 1019 380 1061 pore
400 1003 579 1058 digestus
596 998 902 1042 transfunditur
920 1014 1070 1040 succus
1088 999 1178 1055 ejus
1195 1001 1236 1041 iu
1253 1001 1431 1056 reliquas
1449 1001 1632 1057 corporis

282 1082 443 1130 partes3
473 1086 602 1127 eaque
626 1069 854 1111 substantia
882 1077 994 1109 artus
1022 1070 1188 1109 aluntur
1215 1070 1401 1118 humani,
1429 1085 1554 1125 quam
1570 1068 1634 1125 ju-

283 1159 407 1185 venes
428 1141 638 1198 accipiunt
655 1142 706 1182 ad
723 1139 1047 1186 incrementum,
1063 1154 1180 1179 senes
1198 1141 1247 1180 ad
1264 1139 1633 1195 perseverandam:

281 1214 490 1268 reliquum
515 1219 652 1252 autem
673 1211 785 1250 velut
808 1208 1067 1264 superfluum
1084 1223 1158 1264 per
1182 1208 1372 1250 intestina
1391 1207 1630 1256 deducitur,

279 1291 320 1324 et
337 1297 409 1338 per
425 1281 526 1322 illud
544 1295 593 1320 ex
611 1287 839 1320 transverso
858 1278 1010 1318 ostium
1027 1277 1253 1318 derivatur.

337 1349 511 1391 LXXII.
549 1348 739 1403 Denique
761 1347 885 1387 etiam
903 1346 944 1386 in
964 1346 1115 1387 Genesi
1140 1361 1233 1387 arca
1255 1347 1342 1388 Nobi
1361 1348 1412 1388 ad
1433 1346 1633 1388 fabricam

284 1418 454 1462 humani
486 1417 670 1474 corporis
699 1415 915 1472 accipitur,
943 1416 993 1456 de
1026 1430 1107 1471 qua
1139 1415 1240 1456 dixit
1260 1416 1372 1457 Deus
1396 1416 1534 1457 :«Fac
1558 1414 1631 1456 tibi

282 1508 297 1528 »
314 1503 453 1530 arcam
476 1502 525 1528 ex
541 1486 659 1542 lignis
686 1484 896 1541 quadratis
912 1517 921 1532 ,
952 1484 1071 1525 nidos
1094 1484 1219 1525 facies
1241 1484 1281 1526 in
1307 1500 1352 1526 ea
1369 1518 1378 1533 ,
1400 1485 1633 1527 et‘bitumi—

282 1577 297 1597 ι»
311 1557 429 1599 nabis
451 1572 541 1598 eam
563 1556 673 1597 intus
694 1565 735 1596 et
752 1555 849 1595 soris
871 1554 1075 1596 bitumine
1090 1587 1100 1602 ‚
1125 1562 1164 1596 et
1189 1555 1245 1596 sie
1267 1555 1391 1597 facies
1408 1554 1584 1601 arcam‘.
1606 1573 1620 1592 »

280 1633 333 1675 Et
350 1634 454 1675 i-nsra
475 1647 483 1673 ε
503 1631 691 1673 «Ostium
715 1646 812 1672 vero
835 1629 958 1671 facies
983 1646 1031 1671 ex
1054 1638 1287 1671 transverso
1314 1646 1322 1672 :
1348 1631 1542 1673 iuferiora
1560 1646 1631 1672 au-

281 1715 395 1747 »tem
421 1718 525 1745 arem
552 1702 805 1743 bicamerata
835 1708 876 1741 et
903 1700 1165 1742 tricamerata
1196 1701 1359 1742 sacies2.
1376 1720 1390 1739 »
1414 1702 1502 1743 Hoc
1532 1716 1630 1757 ergo

281 1774 485 1833 significat
509 1771 734 1817 Dominus,
763 1771 875 1825 quod
907 1769 1059 1810 ostium
1082 1786 1131 1810 ex
1165 1771 1384 1828 posteriori
1407 1771 1457 1812 sit
1487 1778 1627 1827 parte,

280 1862 355 1905 per
371 1845 484 1900 quod
500 1848 721 1898 egerantur
738 1839 928 1880 ciborum
951 1839 1171 1896 superflua.
1197 1841 1359 1881 Decore
1378 1840 1490 1881 enim
1508 1839 1632 1881 Crea-

282 1926 348 1960 tor
364 1922 504 1956 noster
526 1912 675 1953 ductus
698 1909 966 1964 reliquiarum
983 1924 1003 1950 a
1019 1910 1134 1950 vultu
1157 1909 1338 1950 hominis
1356 1909 1528 1958 avertit3
1550 1924 1626 1958 ne,

282 1987 382 2028 dum
406 1986 541 2025 alvum
563 1994 808 2037 purgamus,
833 1978 1146 2034 inquinaremus
1169 1987 1396 2036 aspectum.
1422 1979 1555 2021 Simul
1578 1980 1630 2021 il-

280 2055 354 2098 tud
387 2052 601 2094 considera
617 2082 626 2097 ,
657 2049 769 2105 quod
791 2063 837 2088 ea
863 2063 953 2103 quae
986 2048 1157 2104 pudoris
1178 2050 1299 2105 plena
1322 2056 1416 2089 sunt
1432 2081 1441 2096 ‚
1462 2063 1511 2089 eo
1533 2050 1628 2090 Ioco

279 2124 504 2170 constituta
525 2128 642 2168 sunt,
662 2118 734 2159 ubi
758 2126 898 2174 operta
919 2117 1101 2158 vestibus
1121 2119 1322 2159 dedecere
1346 2133 1430 2159 non
1451 2118 1621 2175 possint.

334 2192 529 2238 LXXIII.
569 2189 779 2231 Venarum
803 2188 945 2244 pulsus
967 2189 1030 2228 vel
1050 2187 1299 2229 infirmitatis
1325 2187 1624 2236 internuntius,

280 2267 345 2310 vet
362 2262 501 2306 salutis
518 2268 591 2301 est.
613 2258 781 2300 Eaedem
798 2265 937 2298 tamen
955 2272 1050 2297 cum
1066 2264 1150 2298 toto
1166 2257 1323 2298 diffusae
1337 2257 1418 2298 sint
1431 2271 1624 2314 corpore,

279 2349 412 2391 neque
435 2332 556 2372 nudae
587 2337 710 2384 atque
738 2326 902 2367 intectae
924 2333 1042 2373 sunt,
1066 2333 1106 2366 et
1125 2326 1179 2367 ita
1202 2326 1361 2367 levibus
1382 2325 1628 2383 operiuntur

277 2403 505 2449 visceribus
530 2399 646 2456 (22);
666 2405 713 2438 ut
740 2395 980 2453 explorandi
1010 2395 1128 2453 copia
1154 2396 1226 2444 sit,
1253 2404 1294 2438 et
1321 2395 1509 2438 celeritas
1533 2410 1628 2436 sen-

276 2473 405 2517 tiendi
419 2505 429 2520 ,
452 2470 618 2527 quando
641 2467 754 2508 nulla
771 2473 832 2507 est
847 2465 1055 2507 viscerum
1074 2466 1305 2507 crassitudo
1318 2498 1329 2514 ,
1351 2480 1442 2522 quae
1457 2465 1627 2522 pulsum

275 2543 404 2606 possit
420 2542 644 2582 obducere.
665 2526 771 2580 Ossa
784 2550 958 2593 quoque
976 2536 1114 2578 omnia
1132 2535 1246 2578 tenui
1269 2543 1412 2593 operta
1430 2542 1527 2577 sunt
1547 2534 1629 2577 vis-

322 2642 330 2658 ¹
351 2632 435 2664 Gen.
454 2629 574 2669 V1,14.
597 2646 634 2653 -·-
654 2637 666 2652 ²
688 2626 772 2658 ltid.
796 2627 842 2660 16.
