1742 3233
361 301 412 328 DE
445 299 522 327 NOE
556 298 607 326 ET
645 298 762 333 Anca.
802 299 919 326 unna
950 299 1063 335 unus.
1296 290 1383 348 499

41 394 162 435 posse
184 380 236 421 ad
256 378 332 421 Dei
351 378 523 436 gratiam
543 376 780 434 pervenire,
804 384 1030 434 etregnum
1051 379 1217 420 coeleste
1239 377 1385 435 hujus-

41 448 156 491 modi
178 448 389 491 erroribus
410 447 704 495 deferendum,
723 446 786 494 his
800 447 1019 489 adversum
1034 448 1217 490 coelestia
1241 458 1386 490 contu-

40 518 149 562 maci
174 519 386 576 praeliatur
409 517 573 560 affeetu.
607 517 831 574 Propterea
857 525 899 558 et
926 516 968 563 in
992 517 1214 575 proverbio
1246 526 1309 560 est
1336 519 1388 560 de

41 604 114 637 eo,
144 589 212 645 qui
238 589 459 645 deliquerit
487 604 495 630 :
524 587 670 629 «Sicut
694 587 928 630 Nembroth
953 587 1066 645 gigas
1092 596 1266 630 venator
1293 597 1388 630 ante

4 704 7 705 ⁷
41 678 56 697 »
70 660 220 701 Deum.
256 645 518 701 {›Nen1brot11
555 667 694 700 autem
730 673 803 713 per
826 657 1212 715 interpretationem
1235 658 1390 700 dicitur

40 729 244 786 AEthiops.
275 729 400 771 Color
435 728 639 785 AEthiopis
662 727 856 769 tenebras
885 728 1030 769 animae
1053 729 1390 784 squalloremque

41 799 264 856 signifieat,
286 798 355 855 qui
380 798 574 840 adversus
594 798 742 840 lumini
762 806 846 846 est,
872 797 1070 841 claritatis
1093 813 1253 847 exsors,
1278 806 1392 839 tene-

40 869 125 910 bris
146 869 356 910 involutus
371 901 380 916 ‚
400 867 515 909 nocti
538 867 709 908 similior
730 883 856 924 quam
873 867 965 909 diei.
990 868 1207 910 venatoris
1226 882 1393 924 quoque

42 954 141 980 usus
181 938 221 979 in
255 937 402 994 sylvis,
436 937 544 978 inter
580 936 685 978 seras
728 952 774 978 ae
807 937 958 978 bestias
995 938 1255 979 conversatio
1283 937 1389 993 ejus.

42 1008 341 1051 Irrationabilis
372 1023 471 1064 ergo
500 1007 701 1048 miscetur
723 1007 1079 1066 irrationabilibus
1104 1007 1393 1063 passionibus,

43 1087 85 1120 et
113 1093 185 1126 ea,
221 1093 312 1134 quae
343 1085 438 1119 sunt
458 1076 626 1118 malitiae
649 1076 818 1133 agrestis
843 1084 965 1131 atque
997 1076 1199 1132 praedurae
1222 1083 1397 1117 venator

42 1148 285 1206 hujusmodi
301 1149 517 1204 explorare
542 1146 782 1194 consuevit,
805 1153 927 1202 atque
944 1145 1007 1187 his
1034 1146 1157 1202 potiri
1183 1154 1307 1202 atque
1329 1147 1398 1188 ‹le-

42 1218 202 1260 lectari.
225 1218 415 1274 Denique
442 1216 674 1258 Nembroth
702 1215 829 1271 hujus
850 1215 1106 1272 principium
1122 1215 1238 1271 regni
1262 1215 1398 1272 Baby-

42 1289 135 1337 lon,
159 1289 242 1330 hoc
264 1296 349 1335 est,
373 1286 590 1333 confusi03
609 1301 659 1326 eo
683 1285 795 1342 quod
816 1285 973 1326 malitia
995 1294 1035 1327 et
1057 1294 1237 1342 potestas
1254 1300 1338 1327 non
1357 1285 1399 1326 in

43 1360 311 1418 simplicitate
342 1366 384 1401 et
410 1356 614 1413 puritate,
640 1370 724 1397 non
748 1355 791 1397 in
822 1355 1087 1397 distinctione
1103 1355 1267 1398 virtutis
1284 1388 1295 1404 ‚
1326 1356 1398 1397 sed

42 1430 85 1473 in
113 1429 360 1472 confusione
388 1427 585 1470 vitiorum
608 1434 682 1468 est.

42 1634 402 1648 mznssntmsmvsz
410 1634 530 1646 mn„
536 1632 714 1643 mmmm
722 1632 775 1643 Μ
785 1631 960 1643 μιαν-κω
967 1631 1085 1642 mm
1093 1631 1273 1642 nsswsm
1280 1630 1397 1644 mm

217 1787 599 1833 FRAGMENTUM
630 1785 774 1829 LIBRI
805 1785 877 1828 DE
909 1785 1054 1830 ARCA
1087 1786 1209 1830 NOE.

15 1995 42 2007 χ
102 1952 250 1996 Veluti
263 1960 322 1993 est
344 1947 458 1990 illud
477 1947 524 1987 in
547 1944 659 1987 libro
681 1957 809 1998 quem
831 1941 882 1983 cte
895 1956 1001 1982 area
1023 1940 1117 1984 Νοὸ·
1135 1942 1393 1998 conscripsit

42 2028 187 2070 beatus
206 2022 466 2066 Awwtbrosius
486 2035 500 2060 .·
521 2018 599 2059 Per
620 2029 754 2057 unum
768 2046 778 2062 ,
805 2013 974 2069 inquit,
990 2013 1219 2054 Dominum
1243 2012 1390 2057 Jesum

40 2102 149 2143 salus
163 2104 338 2141 ventura
359 2089 596 2135 nationibus
613 2087 864 2133 declaratur,
885 2084 953 2140 qui
973 2085 1084 2125 solus
1101 2085 1235 2141 potuit
1254 2085 1390 2141 justus

40 2188 153 2219 esse
173 2184 271 2212 eum
296 2161 506 2223 generatio
530 2157 665 2200 omnis
686 2163 870 2203 erralet‚
897 2153 973 2195 nisi
1002 2162 1123 2195 natus
1148 2170 1198 2196 ex
1221 2154 1390 2213 Virgine

41 2237 318 2300 generationis
340 2232 505 2277 obnoxi
497 2246 527 2272 e
550 2244 638 2286 pru
642 2226 762 2283 1le01o
786 2224 959 2266 minime
982 2232 1209 2266 teneretur.
1229 2225 1388 2274 «Ecce,

40 2310 227 2368 »inquit,
247 2308 290 2349 in
309 2301 598 2361 iniquitatibus
621 2303 849 2352 conceptus
872 2309 988 2342 sum,
1012 2302 1054 2336 et
1077 2295 1118 2336 in
1141 2294 1302 2337 delictis
1323 2311 1392 2352 pe—

39 2399 55 2422 »
69 2381 179 2439 pent
198 2393 267 2420 me
286 2384 421 2419 mater
446 2369 560 2414 mea
573 2388 616 2419 ‚»
641 2367 743 2410 (licit
771 2367 826 2414 is,
856 2365 925 2421 qui
952 2364 1086 2420 justus
1119 2380 1203 2422 prae
1229 2366 1389 2408 caeteris

35 2451 275 2508 putabatur.
307 2447 447 2498 Quem
467 2442 593 2500 igitur
621 2439 708 2496 jam
727 2438 887 2494 justum
910 2435 1108 2484 dixerim,
1133 2436 1210 2478 nisi
1237 2436 1392 2479 horum

36 2521 218 2567 liberum
230 2517 521 2562 vinculmum,
545 2525 672 2569 quem
693 2516 853 2552 naturae
865 2507 1101 2550 communis
1121 2507 1292 2551 vincula
1308 2522 1394 2550 non

83 2640 98 2666 Ξ
115 2630 202 2667 Psal.
220 2641 256 2671 ι,
270 2639 299 2671 7.
1154 2674 1177 2720 3

1184 2691 1222 2719 2.
