1742 3233
339 254 426 296 656
946 272 1082 301 ranx.

377 346 534 378 Dominus
550 346 637 379 Deus
653 346 729 378 Sem
746 357 754 384 ;
772 352 804 380 et
815 355 871 379 cur
887 347 980 389 hujus
993 348 1145 382 servituti
1161 360 1226 382 non
1241 351 1345 384 Cham
1361 352 1415 395 qui
1429 355 1586 396 peccavit,

374 400 428 432 sed
452 400 533 432 filius
551 400 618 442 ejus
633 401 800 434 addicatur
811 406 824 432 t·
852 402 902 434 Ad
926 409 1048 435 extrem
1057 414 1110 435 um
1124 403 1307 438 benedictio
1322 406 1342 437 J
1345 407 1463 450 apheth
1479 419 1582 451 expo-

374 452 475 487 nitur.
1623 463 1688 507 495

334 510 442 542 Cum
460 508 620 541 XXXIII
626 532 634 541 .
649 509 700 541 De
711 509 862 543 trecentis
877 510 1108 553 quinquaginta
1125 512 1215 545 annis
1229 523 1307 556 quos
1330 514 1400 546 Noe
1414 521 1485 558 post
1499 515 1581 548 dilu-

377 564 464 596 vium
488 563 604 596 vixisse
629 564 778 604 traditur,
798 569 867 597 tum
886 565 926 597 de
949 565 1139 607 posteritate
1161 567 1303 610 Japheth
1329 569 1370 601 ad
1391 569 1530 602 litteram
1544 580 1580 602 ac

373 617 554 649 moraliter.
1624 624 1689 667 497

335 670 443 703 Cum-r
457 670 622 704 XXXIV.
641 672 752 711 Qualis
764 671 868 704 Cham
880 673 962 705 illius
979 673 1119 716 improbi
1136 673 1219 706 filius
1237 675 1342 708 senior
1359 676 1455 710 suerit
1469 690 1478 716 ;
1494 683 1527 710 et
1537 679 1579 711 de

378 724 445 757 filio
457 725 545 767 (jhus
567 725 745 758 Nembroth
761 726 887 768 gigante
900 733 932 760 et
944 734 1112 764 venatore,
1126 728 1214 770 cujus
1227 739 1343 761 nomen
1357 731 1538 773 exponitur.
1551 737 1584 766 et

371 789 388 810 a
403 789 467 822 quo
480 789 612 821 regnum
628 780 802 823 Babylonis
813 781 943 824 coepisse
957 788 1165 816 memoratur.
1622 787 1687 831 498

333 832 558 865 Fucmzmtm
574 833 652 866 libri
666 834 706 866 de
722 834 804 867 Arca
816 834 898 868 Νοό.
1622 842 1686 886 499

792 1193 872 1236 DE
910 1194 1145 1237 ABRAHA
1154 1194 1208 1238 M.

845 1359 990 1404 LIBRI
1022 1360 1148 1405 DUO.

899 1522 1036 1556 LIBER
1061 1524 1090 1557 Ι.

315 1693 424 1724 CAPUT
440 1692 471 1723 Ι.
497 1689 588 1733 Libri
602 1689 712 1722 titulus
725 1699 761 1721 ac
778 1690 933 1722 tractandi
948 1690 1029 1722 ratio
1047 1690 1240 1732 exponiture
1271 1696 1337 1723 tum
1358 1702 1430 1734 quan
1445 1691 1565 1725 utilitas

357 1757 394 1778 ex
413 1744 586 1778 Abrabami
605 1744 756 1786 exemplis
780 1745 923 1786 petenda
946 1744 1005 1781 sit,
1023 1744 1211 1777 auctoritate
1231 1744 1357 1785 divina,
1380 1752 1411 1778 et
1425 1746 1568 1788 philoso-

364 1800 502 1843 phorum
518 1799 687 1831 collatione
701 1799 951 1831 demonstratur.
1328 1804 1331 1807 ’
1612 1803 1668 1834 501

307 1854 419 1885 CAPuT
437 1853 487 1884 11.
514 1853 651 1884 Devotio
685 1852 827 1883 Abrahae
866 1852 1027 1894 quomodo
1049 1851 1149 1883 divini
1174 1851 1323 1893 praecepti
1355 1852 1462 1884 verbis
1489 1863 1562 1895 pro-

353 1908 446 1940 bata?
462 1906 539 1949 qnid
553 1906 592 1938 sit
608 1906 697 1937 exire
711 1906 751 1937 de
768 1906 957 1947 cognatione
970 1929 979 1944 ‚
994 1916 1095 1948 quove
1115 1910 1206 1947 pacto
1217 1904 1357 1947 ejusdem
1372 1905 1564 1938 Patriarchae

349 1960 565 1993 obedientiam
592 1960 651 1989 Dei
674 1959 839 1999 promissio
867 1965 972 1991 secuta
999 1959 1062 1992 sit?
1089 1959 1199 1997 Idem,
1222 1959 1368 1990 invocato
1399 1960 1538 1992 Domino
1549 1983 1558 2000 ,

350 2015 409 2047 sibi
435 2013 476 2045 ob
500 2013 606 2045 uxoris
622 2011 895 2054 pulchritudinem
914 2013 1021 2046 timet,
1038 2017 1201 2053 cavetque.
1229 2012 1271 2043 At
1288 2012 1411 2044 Pharao
1429 2019 1561 2057 propter

349 2068 432 2099 iliius
455 2072 582 2109 raptum
606 2065 789 2107 castigatus,
811 2071 966 2106 quantum
984 2066 1023 2097 sit
1042 2066 1189 2097 adulterii
1215 2065 1336 2097 crimen
1354 2066 1472 2099 indicio
1486 2074 1555 2100 est:

352 2122 438 2155 unde
457 2121 594 2153 Abrahae
609 2120 754 2161 exemplo
771 2119 811 2151 ad
827 2120 966 2152 studium
984 2119 1164 2152 devotionis
1181 2129 1404 2161 provocamur.
1601 2124 1660 2155 503

300 2177 411 2210 Capu-1·
438 2175 509 2207 111.
539 2175 587 2205 De
613 2173 734 2206 caeteris
759 2173 898 2205 Abrabae
922 2173 1114 2212 virtutibus,
1144 2173 1296 2204 nimirum
1319 2173 1357 2204 de
1383 2174 1553 2216 prudentia

347 2233 415 2273 ejus
430 2230 462 2260 in
476 2227 698 2260 rescendendis
715 2227 854 2259 rixarum
873 2227 993 2264 causis,
1007 2227 1128 2268 justitia
1144 2227 1381 2267 inldividendo⁹
1400 2228 1454 2260 ubi
1471 2235 1502 2262 et
1514 2229 1555 2262 de

343 2282 556 2327 imprudentia
575 2282 635 2313 Lot
648 2281 780 2313 amoenis
794 2281 880 2313 utilia
899 2281 1121 2323 postponentis
1133 2304 1142 2320 ,
1159 2281 1291 2323 ejusque
1305 2292 1397 2323 poena
1411 2294 1419 2314 ε
1433 2288 1498 2315 tum
1513 2284 1554 2316 de

344 2338 447 2382 patrui
463 2336 605 2379 inipsum
618 2334 791 2375 charitate,
809 2336 926 2377 pietate
942 2335 974 2366 in
993 2335 1097 2366 Deum
1109 2359 1116 2371 ‚
1131 2335 1328 2367 continentia
1346 2335 1379 2367 in
1393 2337 1526 2369 victoria
1539 2363 1547 2374 .

342 2399 375 2426 et
389 2391 542 2424 mercedis
556 2401 571 2422 a
583 2391 654 2422 Deo
668 2390 839 2432 propositae
851 2390 1024 2427 electione,
1040 2400 1075 2422 ac
1092 2389 1222 2422 tandem
1237 2389 1276 2421 de
1289 2395 1418 2433 accepto
1434 2391 1548 2424 suturae

331 2445 524 2491 posteritatis
537 2449 568 2477 et
581 2443 701 2476 Christi
713 2442 864 2476 nascituri
883 2445 1051 2486 promisso.
1589 2449 1652 2481 508

305 2501 412 2533 Cum-r
424 2499 484 2531 IV.
502 2497 666 2530 Abraham
675 2497 714 2529 ab
727 2497 876 2529 adulterii
889 2498 1021 2530 crimine
1034 2498 1074 2529 ob
1087 2506 1263 2542 susceptum
1274 2511 1312 2533 ex
1321 2502 1433 2534 ancilla
1443 2501 1542 2547 filium

339 2552 536 2588 defenditun
547 2561 662 2594 nempe
676 2551 762 2594 quod
773 2551 812 2582 ab
826 2551 964 2584 humana
977 2551 1148 2593 fragilitate
1158 2566 1221 2587 non
1236 2562 1317 2589 esset
1329 2557 1479 2589 immunis
1489 2582 1497 2594 ,
1511 2563 1543 2590 et

327 2613 409 2644 tunc
430 2605 654 2639 Chaldaeorum
669 2605 907 2649 superstitiones
921 2605 974 2638 vix
992 2606 1188 2651 reliquisset3
1203 2609 1321 2643 deinde
1339 2610 1424 2655 quod
1445 2610 1481 2644 in
1494 2610 1542 2650 te-
