1747 3260
248 297 255 301 ⁴
296 288 376 332 150
837 303 867 331 s.
908 286 1110 333 Aunaosxr

292 386 378 421 tem
401 393 493 436 quae
516 386 638 429 sunt,
662 378 740 422 nisi
762 381 1046 423 mutationum
1066 381 1201 430 vices,
1225 380 1397 439 hyems,
1420 397 1507 431 ver,
1528 391 1648 426 festas

296 457 418 506 atque
446 448 702 492 autumnus?
727 451 775 492 Ι11
814 451 900 492 istis
926 451 1053 508 igitur
1074 451 1335 508 temporibus
1368 460 1438 493 aut
1467 453 1650 494 velocior

293 527 355 561 est
372 520 567 562 transitus
591 520 708 570 solis,
735 529 804 563 aut
828 521 997 564 tardior.
1014 522 1106 564 Alia
1124 521 1235 563 enim
1252 523 1505 580 praestringit
1525 523 1650 564 radiis

296 589 402 637 suis,
430 589 505 631 alia
532 589 763 632 inflammat
792 592 1013 634 caloribus.
1042 593 1185 649 Itaque
1208 608 1305 634 cum
1331 595 1390 634 501
1413 592 1651 634 meridianis

296 660 485 716 partibus
506 661 769 716 immoratur,
794 658 942 719 hyems
972 662 1091 703 nobis
1120 670 1191 704 est.
1230 662 1334 704 Nam
1357 678 1454 703 cum
1477 664 1539 704 sol
1558 665 1654 704 len—

295 730 384 786 31115
407 731 545 778 abest,
574 739 681 773 terra
703 732 868 788 rigescit
896 735 1014 790 gela,
1040 733 1257 790 stringitur
1279 734 1453 791 frigore,
1478 742 1520 776 et
1548 735 1645 790 plu—

296 799 399 841 rima
420 801 551 842 noctis
576 802 724 842 umbra
750 810 879 843 terras
900 803 1058 859 operit,
1084 812 1129 844 ut
1162 805 1293 844 multo
1320 804 1546 860 prolixiora
1568 802 1652 844 sint

296 870 432 912 noctis
462 871 590 927 spatia
613 887 738 928 quam
773 872 864 914 diei.
899 873 1004 914 Hine
1030 873 1163 914 oritur
1195 888 1340 920 causa,
1371 882 1417 914 ut
1449 872 1652 929 hybernis

296 937 463 981 flatibus
490 941 618 982 nimia
649 941 708 982 vis
731 942 909 991 1111111111,
945 942 1265 999 pluviarumque
1298 942 1509 984 fundatur.
1548 942 1657 983 Cum

300 1023 398 1050 vero
422 1025 472 1052 cx
493 1011 735 1053 meridianis
758 1012 963 1054 decedens
991 1013 1177 1070 partibus
1201 1028 1324 1070 supra
1349 1021 1503 1054 terram
1525 1012 1657 1061 redit,

302 1080 436 1121 noctis
464 1095 510 1121 ac
529 1082 609 1123 diei
635 1091 821 1138 excoquat
848 1091 1037 1139 tempora
1059 1099 1068 1124 ε
1093 1091 1132 1124 et
1154 1099 1238 1138 quo
1261 1083 1390 1124 man-is
1415 1097 1552 1123 moras
1576 1081 1660 1123 suis

1331 1116 1353 1140 *c

304 1150 492 1207 adjungit
514 1153 726 1200 cursibus,
747 1168 796 1194 eo
814 1153 1014 1210 paulatim
1039 1153 1284 1210 temperiem
1303 1152 1406 1193 aeris
1438 1151 1563 1208 hujus
1591 1166 1660 1193 re-

303 1220 445 1268 ducit,
461 1229 499 1262 et
522 1231 689 1263 revocat
703 1238 900 1264 aurarum
917 1224 1183 1264 clementiam
1199 1255 1210 1272 ,
1235 1238 1325 1279 quae
1343 1223 1483 1264 fovens
1501 1221 1660 1270 omnia,

304 1292 554 1346 repetendos
577 1291 687 1348 cogit
706 1292 746 1332 in
764 1301 929 1348 partus,
951 1301 997 1334 ut
1020 1300 1128 1333 terra
1156 1293 1382 1349 germinet,
1403 1307 1449 1333 ac
1479 1293 1660 1333 resoluta

305 1359 430 1400 sulcis
451 1361 607 1414 semina
630 1358 899 1411 rexiviscant,
926 1363 1133 1404 virescant
1152 1364 1325 1404 arbores
1340 1395 1349 1411 ,
1374 1364 1425 1404 ad
1450 1361 1665 1420 perpetui-

305 1437 434 1471 tatem
453 1446 618 1487 quoque
643 1433 917 1474 conservandi
941 1433 1102 1490 generis
1122 1449 1268 1474 eorum
1293 1449 1384 1489 quae
1402 1434 1469 1474 vel
1486 1433 1527 1473 in
1544 1430 1665 1472 terris

307 1508 422 1549 sunt,
448 1503 513 1542 rel
540 1502 655 1558 aquis
690 1504 894 1559 gaudent,
920 1503 1068 1544 annuis
1094 1502 1261 1544 soetihus
1286 1502 1494 1544 successio
1513 1516 1668 1558 propa-

309 1578 440 1627 getur.
465 1572 539 1613 Ast.
557 1573 629 1613 11111
648 1573 697 1613 ad
716 1574 876 1615 festivas
895 1573 1190 1614 conversiones
1207 1573 1247 1613 in
1266 1571 1604 1629 Septentrionem
1624 1585 1668 1612 se

310 1641 508 1698 subrigit,
534 1643 663 1699 spatia
686 1643 835 1685 diurna
858 1644 1077 1701 producit,
1098 1651 1243 1684 noctes
1268 1658 1364 1684 vero
1390 1650 1520 1683 arctat
1544 1649 1587 1683 et
1610 1656 1669 1682 as-

315 1709 477 1768 tringit.
504 1712 651 1768 Itaque
679 1729 764 1769 quo
790 1714 921 1770 magis
950 1730 1027 1754 usu
1053 1713 1215 1754 assiduo
1235 1713 1317 1754 aeri
1334 1712 1431 1754 liuic
1453 1711 1672 1768 copuletur

311 1788 436 1836 atque
461 1781 679 1832 miscetur,
715 1798 764 1825 eo
789 1783 965 1840 amplius
997 1790 1037 1824 et
1066 1783 1203 1840 ipsum
1234 1786 1370 1831 aerem
1405 1788 1602 1838 vaporat,
1628 1786 1671 1820 et

310 1858 519 1893 terrarum
542 1854 724 1895 exsiccat
752 1854 998 1902 humorem,
1025 1854 1266 1895 adolescere
1300 1852 1398 1893 facit
1421 1850 1602 1898 semina,
1629 1857 1672 1891 et

311 1928 511 1978 tanquam
551 1923 593 1964 in
623 1939 769 1965 succos
799 1925 937 1966 viriles
966 1932 1251 1965 maturescere
1291 1938 1414 1981 poma
1440 1923 1666 1978 sylvarum.

312 1991 431 2033 Tunc
453 1994 549 2048 quia
573 1994 814 2051 flagrantior
832 2003 917 2042 est,
942 1993 1125 2035 minores
1154 1994 1324 2034 umbras
1348 1992 1450 2033 facit
1479 1991 1518 2032 in
1543 1989 1671 2032 meri—

314 2060 459 2110 diano,
487 2063 684 2119 quoniam
706 2080 756 2105 ex
777 2065 859 2105 allo
879 2064 991 2105 hunc
1012 2063 1219 2105 illuminat
1237 2065 1390 2104 locum.

374 2132 514 2174 XXII.
545 2133 663 2174 [mle
675 2142 717 2175 et
735 2132 953 2191 Synagoga
973 2133 1074 2176 dicit
1095 2134 1135 2175 in
1159 2132 1342 2174 Canticis
1365 2130 1637 2173 Canticorum
1657 2143 1668 2170 t

326 2217 341 2238 «
359 2200 573 2244 Annuntia
594 2203 698 2244 mihi
719 2218 844 2259 quem
867 2203 1010 2245 dilexit
1031 2203 1167 2245 anima
1191 2218 1304 2250 mea,
1331 2201 1401 2243 ubi
1418 2201 1574 2259 pascis,
1597 2198 1675 2240 ubi

315 2286 488 2314 »manes
519 2273 558 2314 in
580 2273 833 2322 meridiano,
861 2289 913 2315 ne
947 2273 1053 2316 forte
1085 2272 1183 2315 fiam
1208 2269 1526 2315 circumamicta
1548 2282 1675 2327 super

319 2357 496 2400 »greges
532 2344 740 2385 sodalium
779 2342 999 2392 tuorum¹,
1021 2361 1038 2382 -»
1065 2343 1147 2385 hoc
1179 2351 1270 2391 est,
1304 2340 1516 2384 Annuntia
1547 2337 1673 2386 mihi,

321 2412 510 2462 Christe,
537 2429 664 2470 quem
697 2413 841 2455 dilexit
865 2413 1001 2455 anima
1027 2429 1132 2455 mea.
1163 2412 1249 2455 Cur
1271 2428 1356 2454 non
1390 2411 1527 2470 potius
1551 2423 1678 2466 quem

320 2482 481 2540 diligi-t?
499 2484 583 2526 Sed
601 2484 822 2541 Synagoga
840 2482 998 2531 dilexit,
1018 2482 1204 2524 Ecclesia
1223 2481 1377 2539 diligit,
1397 2495 1475 2522 nec
1490 2492 1678 2535 unquam

318 2553 429 2596 circa
452 2554 667 2597 Christum
691 2570 813 2597 suum
834 2562 971 2597 mutat
991 2553 1201 2596 affectum.
1221 2572 1237 2592 «
1258 2552 1360 2601 Ubi,
1386 2551 1523 2608 inquit
1541 2583 1551 2599 ‚
1581 2553 1681 2609 pa's-

363 2654 375 2670 δ
397 2645 491 2678 Cant.
514 2656 537 2685 1,
556 2645 586 2678 6.
