1742 3233
439 250 490 277 ωε
524 245 734 277 PARADISO.
772 244 890 273 mmm
923 243 1036 272 umis.
1335 232 1417 288 §99

11 340 16 378 Ι
67 321 299 366 vivificandi
321 321 595 366 insufflationi
620 324 698 367 Dei
724 330 942 380 praestare3
972 319 1176 377 siquidem
1203 335 1329 378 quem
1354 323 1420 364 vi-

11 441 13 444 f
68 392 304 436 vificaverat
320 393 559 445 insufflatio,
579 394 738 436 fructus
754 393 879 449 hujus
896 391 994 449 ligni
1013 391 1134 433 traxit
1153 390 1203 432 ad
1221 400 1412 433 mortem.

69 462 152 504 Aut
178 463 210 504 si
234 463 369 505 Deum
386 473 649 520 operatorem
667 464 812 506 mortis
829 477 916 504 esse
934 476 1231 509 memoramus,
1270 461 1416 502 dicunt

67 531 179 588 quod
203 532 367 589 gemina
386 548 483 574 eum
511 533 706 591 opinione
734 546 1004 575 accusemus:
1031 531 1144 587 quod
1170 540 1242 572 aut
1264 530 1319 573 ita
1345 531 1418 572 im-

65 600 192 648 mitis,
221 608 267 642 ut
287 602 468 643 noluerit
496 603 727 660 ignoscere,
755 618 851 644 cum
873 609 1032 659 posset3
1059 610 1130 643 aut
1153 602 1185 643 si
1202 601 1418 659 ignoscere

66 685 150 712 non
165 671 364 727 potuerit,
383 671 574 714 videatur
590 668 792 714 infirmus.
816 672 1041 714 Videamus
1059 671 1184 728 igitur
1206 670 1417 727 quomodo

4 737 8 779 J
66 739 311 782 diluendum
337 741 401 784 sit.
431 742 516 785 Nisi
542 743 677 793 fallor,
707 743 853 785 mortis
870 757 994 784 causa
1010 741 1292 783 inobedientia
1311 741 1414 790 suit;

68 818 110 853 et
136 811 230 853 ideo
256 812 383 854 homo
410 813 497 870 ipse
515 815 591 856 sibi
608 815 754 857 mortis
772 823 833 856 est
849 829 988 862 causa,
1006 828 1090 854 non
1107 812 1265 854 habens
1281 812 1419 853 Deum

66 897 148 923 suae
172 883 317 925 mortis
345 893 572 927 auctorem.
601 885 745 942 Neque
768 886 881 926 enim
903 884 935 925 si
957 883 1146 925 medicus
1167 881 1422 939 praescripsit

63 953 278 1009 aegrotanti
289 953 609 1004 medicamenta,
630 970 650 996 a
666 955 816 1011 quibus
828 953 1017 994 videatur
1033 951 1281 1011 cavendum,
1298 959 1423 1006 atque

64 1023 132 1064 ille
151 1024 201 1064 ab
220 1023 449 1065 interdictis
466 1040 550 1066 non
567 1025 773 1082 putaverit
789 1022 1098 1071 abstinendum,
1124 1037 1249 1063 causa
1261 1021 1298 1062 ei
1313 1036 1420 1062 mor-

66 1093 116 1134 tis
139 1100 202 1134 est
227 1093 418 1135 medicus
445 1095 462 1135 ⁷:
504 1095 576 1135 scd
623 1094 767 1151 utique
806 1093 892 1150 ipse
928 1093 1005 1134 sibi
1044 1107 1139 1133 reus
1176 1091 1322 1133 mortis
1363 1098 1424 1131 est

64 1156 255 1219 propriae.
284 1163 429 1220 Itaque
455 1164 567 1206 Deus
594 1165 710 1221 quasi
736 1165 872 1206 bonus
897 1163 1084 1205 medicus
1111 1156 1342 1220 prohibuit,
1372 1175 1425 1202 ne

64 1232 200 1274 Adam
227 1233 419 1276 nocitura
445 1243 642 1291 gustaret.

122 1302 322 1345 XXXVI.
360 1305 518 1346 Iterum
536 1305 677 1362 accipe
695 1320 703 1346 τ
725 1304 839 1346 Scire
858 1305 1018 1346 bonum
1035 1303 1184 1345 melius
1197 1311 1274 1350 est,
1296 1317 1422 1359 quam

65 1372 252 1421 nescire3
282 1381 323 1414 et
346 1371 384 1415 ei
406 1375 477 1430 qui
504 1375 662 1416 bonum
689 1375 814 1424 sciat,
837 1374 1062 1432 pulchrum
1086 1381 1147 1414 est
1172 1372 1280 1414 scire
1306 1372 1420 1428 quod

64 1445 222 1484 malum
239 1451 316 1491 est,
336 1452 382 1485 ut
399 1444 502 1486 sciat
519 1460 664 1486 cavere
689 1439 803 1501 quod
823 1446 981 1485 malum
1005 1451 1082 1490 est,
1108 1451 1150 1484 et
1171 1450 1216 1483 ut
1237 1442 1422 1498 prudens

66 1513 212 1553 subeat·
249 1514 447 1555 custodiae
475 1515 727 1556 cautionem.
755 1515 914 1557 Rursus
954 1522 1093 1554 autem
1119 1527 1203 1553 non
1230 1512 1327 1553 satis
1360 1519 1423 1552 est

64 1580 145 1639 hoc
171 1583 305 1626 solum
332 1584 439 1625 scire
465 1585 578 1640 quod
603 1587 762 1626 malum
790 1592 874 1632 est3
906 1599 958 1624 ne
986 1598 1083 1624 cum
1109 1584 1267 1623 malum
1295 1581 1417 1627 scias,

64 1652 236 1694 scientia
262 1653 360 1694 boni
393 1654 565 1711 incipias
592 1654 840 1696 defraudari.
873 1653 1094 1695 Pulchrius
1130 1660 1191 1693 est
1224 1652 1349 1708 igitur
1376 1659 1426 1691 ut

63 1728 290 1778 utrumque
315 1723 532 1772 nOrImus3
563 1733 606 1765 ut
631 1732 672 1765 et
698 1725 794 1780 quia
821 1723 985 1779 scimus·
1003 1723 1179 1769 bonum,
1209 1720 1418 1778 fugiamus

64 1792 178 1846 quod
213 1794 370 1833 malum
406 1802 498 1841 est3
533 1802 575 1834 et
610 1809 661 1835 ex
696 1809 745 1835 eo
773 1793 887 1849 quod
915 1791 1207 1848 cognoscimus
1236 1792 1422 1838 malum,

63 1859 163 1901 boni
189 1861 363 1918 gratiam
388 1864 670 1920 praeseramus.
703 1863 787 1905 Sed
813 1864 869 1904 ita
897 1863 1023 1903 debes
1044 1869 1272 1917 utrumque
1300 1861 1422 1908 scire,

63 1937 109 1970 ut
135 1938 176 1971 et
195 1931 400 1987 profunde
423 1934 602 1981 noveris,
627 1942 668 1974 et
692 1933 806 1989 quod
828 1932 993 1974 noveris
1017 1931 1254 1987 exequaris,
1282 1938 1427 1971 actus-

63 2013 145 2054 que
171 1999 350 2043 scientiae
373 2012 587 2060 congruat.
621 2003 820 2060 Alioquin
847 2001 1176 2044 tolerabiliorem
1203 1998 1423 2056 Scriptura

64 2067 220 2111 indicat
237 2086 349 2120 eum,
370 2074 441 2129 qui
457 2083 686 2131 utrumque
709 2074 883 2121 nesciat,
905 2088 1030 2129 quam
1048 2072 1119 2129 qui
1137 2069 1425 2129 perfunctorie

64 2148 292 2198 utrumque
327 2146 533 2201 cognovit.
567 2145 723 2209 Gravfff
748 2144 860 2186 enim
888 2144 1014 2191 scire,
1045 2142 1159 2199 quod
1185 2143 1250 2184 vel
1276 2140 1427 2196 exequi

65 2212 129 2251 vel
147 2208 273 2252 vitare
296 2228 379 2254 non
405 2216 532 2270 possis
555 2231 563 2255 :
592 2224 739 2272 gravat
768 2215 875 2255 scire
904 2214 992 2255 sine
1015 2229 1095 2254 usu
1125 2221 1250 2269 atque
1278 2226 1405 2268 opere

66 2279 315 2335 cognitionis
354 2283 584 2338 prosundae.
624 2284 814 2340 Denique
852 2283 973 2324 obest
1000 2282 1052 2323 ad
1077 2281 1446 2323 existimationem

67 2351 231 2392 medico
256 2352 362 2394 scire
388 2354 489 2410 quid
515 2355 662 2411 prosit,
690 2364 731 2396 et
758 2354 858 2411 quid
883 2362 1033 2396 noceat
1060 2369 1194 2410 aegro;
1223 2353 1302 2394 nisi
1330 2368 1431 2410 cog-

66 2421 225 2463 nitione
243 2438 289 2464 ea
309 2424 669 2479 quemadmodum
687 2433 875 2484 oportet,
899 2434 1041 2467 utatur
1063 2441 1072 2468 ε
1093 2434 1134 2468 et
1153 2425 1245 2467 idco
1266 2439 1348 2466 non
1374 2433 1434 2466 est

68 2492 256 2550 cognitio
283 2494 408 2543 bona,
428 2495 505 2537 nisi
523 2511 571 2537 ea
591 2497 716 2539 utaris
734 2505 781 2539 ut
801 2504 980 2554 oportet.

116 2581 122 2594 ¹
148 2573 226 2604 Luc.
243 2574 384 2615 x11,47.‘
