1742 3233
301 281 356 332 46
362 297 384 322 2
844 298 876 325 s·
915 298 1103 326 AMBnosu

299 437 908 450 mmmmmmmmmm
916 439 972 449 nm-
978 437 1158 449 x-ummm
1165 433 1463 448 svumnflfflm
1470 433 1647 447 §xxm-dv·

821 552 997 596 CAPUT
1026 552 1145 596 XIX.

312 699 527 741 Columba,
540 715 676 758 quare
698 700 874 741 dicacur
887 700 946 741 ad
960 715 1183 758 vesperam
1199 713 1391 758 reg-ressa
1407 713 1508 741 cum
1528 698 1656 740 olivae

365 784 492 809 ramo
515 769 562 809 in
586 784 690 810 ore:
723 769 828 810 item
854 770 966 811 unde
994 786 1131 825 aquas
1162 770 1360 827 defecisse
1388 769 1477 814 Noe
1501 783 1658 826 cogno-

371 839 487 880 verit
509 854 522 879 .·
549 839 726 881 tandem
748 855 828 880 eur
856 839 1008 881 eadem
1031 840 1229 883 columba
1257 849 1352 896 post
1382 840 1472 882 dies
1501 848 1660 896 septem

372 908 497 950 tertio
513 910 671 951 emissa
693 925 783 951 non
800 925 973 952 reversa
994 911 1050 951 sit
1065 911 1087 951 ,⁹

375 1061 542 1105 LXVII.
575 1079 591 1100 «
612 1062 822 1106 REGRESSA
845 1071 906 1104 est
929 1062 1054 1120 igitur
1074 1062 1270 1104 columba
1292 1062 1344 1104 ad
1358 1075 1575 1118 vesperam
1595 1060 1665 1103 ha-

316 1131 449 1173 »bens
476 1131 622 1173 solium
648 1134 773 1181 oleae,
801 1141 843 1174 et
863 1148 1027 1174 ramum
1057 1132 1099 1174 in
1123 1147 1194 1174 ore
1217 1147 1292 1174 suo
1314 1131 1344 1174 ¹.
1373 1150 1388 1170 n
1421 1131 1513 1175 Non
1535 1131 1665 1177 otiose

317 1201 456 1259 posuit
467 1210 509 1242 et
524 1216 755 1259 vesperam,
770 1210 812 1244 et
825 1217 1069 1260 regressam,
1089 1211 1131 1244 et
1141 1203 1367 1248 habentem
1384 1203 1483 1244 oleae
1499 1201 1664 1250 folium,

317 1279 359 1312 et
381 1271 591 1312 ramulum
618 1270 660 1312 in
677 1286 748 1312 ore
769 1286 866 1321 suo,
897 1280 944 1313 ut
967 1287 1051 1313 non
1073 1271 1320 1329 fugitantem
1342 1271 1539 1313 virtutem
1564 1271 1668 1313 arbi-

320 1340 439 1382 treris
469 1340 683 1398 profectus
713 1340 868 1389 futuri,
897 1341 930 1383 si
959 1356 1061 1397 quos
1091 1341 1220 1398 possit
1255 1341 1498 1398 acquirere3
1532 1354 1669 1396 neque

320 1426 462 1452 rursus
477 1418 679 1467 tanquam
702 1411 790 1452 sine
809 1410 969 1453 lumine
986 1426 1078 1454 ean]
1102 1411 1226 1453 fuisse
1244 1426 1470 1468 cognoscas
1485 1443 1496 1459 ,
1518 1418 1561 1452 et
1577 1410 1670 1466 qui-

320 1481 498 1522 busdam
521 1480 704 1522 tenebris
717 1482 928 1523 occultam
941 1514 953 1530 ,
977 1483 1050 1523 sed
1068 1482 1218 1523 diurno
1237 1483 1420 1524 candore
1441 1480 1671 1538 fulgentem

322 1560 562 1609 expectasse
586 1567 719 1608 usque
741 1554 793 1594 ad
818 1567 1015 1595 occasum
1038 1552 1140 1602 diei,
1169 1561 1212 1594 et
1234 1552 1293 1594 sic
1316 1553 1368 1593 ad
1388 1566 1485 1595 eum
1509 1566 1672 1608 regres-

323 1636 428 1671 sam,
449 1622 560 1679 apud
577 1637 703 1678 quem
719 1621 845 1664 etiam
860 1621 1024 1679 vesperi
1040 1622 1232 1663 tenebras
1243 1621 1398 1664 habere
1416 1636 1501 1664 non
1516 1627 1665 1678 posset.

321 1691 489 1734 Folium
512 1706 679 1748 quoque
692 1693 805 1748 quod
821 1706 965 1733 secum
981 1692 1145 1740 detulit,
1164 1691 1241 1734 etsi
1261 1682 1388 1734 breve
1405 1690 1508 1733 illud
1527 1689 1674 1732 folium

324 1763 519 1805 detulisse
531 1762 737 1811 videatur,
751 1778 869 1819 spem
885 1777 1048 1813 eorum,
1070 1777 1173 1820 quos
1192 1762 1254 1804 sui
1269 1762 1493 1820 poeniteret
1503 1759 1672 1808 erroris,

325 1833 402 1874 etsi
434 1847 520 1874 non
550 1847 744 1890 magnam
758 1865 768 1881 ,
809 1833 988 1889 aliquam
1027 1842 1169 1875 tamon
1207 1831 1464 1891 significavit.
1509 1829 1675 1873 Folium

325 1902 437 1944 enim
460 1902 548 1943 sine
569 1902 748 1959 virgulto
769 1918 859 1944 esse
875 1918 960 1945 non
980 1911 1154 1960 poterat.
1176 1903 1286 1960 Ergo
1304 1902 1420 1960 quasi
1436 1900 1676 1959 germinan—

327 1972 379 2014 tis
402 1972 672 2014 correctionis
687 2006 697 2021 ,
722 1972 821 2014 iicet
850 1988 935 2015 non
958 1988 1159 2031 magnum
1182 1973 1375 2030 aliquod,
1402 1980 1542 2014 tamen
1567 1968 1677 2013 vexit
1737 2024 1739 2027 ἱ

330 2042 488 2100 insigne
509 2051 551 2084 et
564 2043 710 2086 solium
735 2046 835 2086 010ae
850 2077 861 2093 ,
890 2045 931 2086 in
954 2061 1035 2106 qua
1059 2047 1208 2089 arbore
1229 2040 1335 2089 oliva
1357 2053 1605 2104 generatur,
1627 2061 1679 2090 ex

332 2129 413 2170 qua
430 2115 571 2156 oleum
594 2114 832 2167 conficitur}
851 2132 934 2173 quo
946 2118 1160 2162 materiale
1176 2118 1258 2160 hoc
1280 2119 1424 2161 lumen
1438 2118 1618 2170 fovetur,
1637 2126 1680 2161 et

335 2186 599 2228 isncbrarum
620 2184 789 2245 fugatur
817 2188 1062 2232 obscuritas.
1097 2189 1211 2240 Quid
1238 2199 1378 2232 autem
1399 2190 1530 2248 magis
1553 2204 1679 2247 quam

328 2257 472 2301 lmen
497 2258 699 2301 familiare
723 2259 865 2302 virtuti
895 2268 958 2302 est
976 2259 994 2301 P
1015 2259 1182 2303 Folium
1205 2274 1303 2317 ergo
1332 2268 1374 2302 et
1401 2261 1589 2304 ramulus
1613 2261 1682 2303 in·-

334 2330 447 2387 :ignc
469 2338 530 2371 est
551 2330 823 2372 correctionis
844 2346 853 2372 ε
880 2331 1085 2373 correctio
1107 2339 1247 2373 autem
1266 2331 1384 2388 quasi
1410 2332 1595 2374 radicem
1618 2330 1681 2373 sui

331 2401 620 2458 poenitentiam
631 2400 777 2450 hahet,
798 2416 889 2458 quae
907 2401 1149 2459 poenitentia
1162 2416 1247 2443 non
1262 2409 1401 2458 potest
1422 2397 1464 2443 in
1484 2400 1679 2451 turbidis,

331 2473 404 2513 sed
421 2471 462 2513 in
479 2471 543 2520 iis,
559 2471 630 2528 qui
650 2471 879 2528 spiritalem
898 2472 986 2529 jam
1002 2486 1240 2514 sermonem
1259 2471 1513 2528 acceperint,
1532 2471 1683 2529 germi-

328 2555 440 2585 nare.
463 2542 511 2583 In
532 2556 605 2583 ore
626 2557 793 2600 quoque
810 2557 895 2586 non
910 2542 1062 2586 frustra
1083 2543 1270 2586 ramulus
1293 2543 1396 2585 oleae
1414 2541 1582 2585 videtur
1593 2556 1683 2586 esse

380 2639 390 2656 ¹
408 2632 495 2667 Gen.
509 2643 585 2673 vm,
604 2642 655 2666 u.
