1747 3260
522 281 808 310 llEXAEMERON.
847 272 946 308 Lm(
965 281 990 307 1.
1372 267 1427 325 59

75 359 336 408 illuminatit.
374 376 389 397 «
412 359 462 400 Et
483 358 586 399 dixit
605 358 718 399 Deus
740 372 748 398 :
769 357 860 399 Fiat
889 357 982 405 lux,
1007 364 1048 397 et
1069 355 1180 398 sacta
1200 364 1263 398 est
1286 357 1367 397 lux.
1397 375 1414 396 υ

76 430 167 473 Non
186 430 277 472 ideo
302 429 427 477 dixit,
454 437 499 470 ut
522 436 766 484 sequeretur
785 426 995 485 operatio,
1017 427 1092 467 sed
1113 425 1224 467 d1cto
1247 425 1423 467 absolvit

76 500 302 557 negotium.
354 500 471 545 Unde
514 498 693 556 pulchre
727 497 978 540 Davidjcum
1020 497 1159 538 illud:
1196 494 1350 537 «Dixit
1386 504 1427 537 et·

77 569 212 612 »sacta
251 569 394 618 sunt1,
419 587 433 608 υ
468 568 568 626 quia
612 568 774 610 dictum
811 567 998 625 implevit
1033 566 1219 608 effectus.
1267 565 1427 607 Auctor

77 655 174 697 ergo
199 640 303 682 lucis
328 641 439 682 Deus
459 655 468 681 :
493 640 610 681 locus
633 646 771 680 autem
794 646 835 680 et
858 653 980 680 causa
1007 638 1277 680 tenebrarim]
1301 651 1428 676 mun-

78 710 154 751 dus
177 718 249 751 est.
289 709 373 751 Sed
399 710 534 751 bonus
570 717 716 750 auctor
744 709 800 750 ita
825 710 966 750 lucem
992 708 1116 756 dixit,
1148 716 1193 748 ut
1217 706 1425 747 mundum

78 781 213 840 ipsum
237 782 371 823 infuso
396 781 573 839 aperiret
600 780 758 822 lumine
778 815 788 830 ,
813 788 937 836 atquc
960 779 1051 836 ejus
1074 778 1256 836 speciem
1276 792 1429 819 venus—

77 860 196 894 taret.
218 852 491 910 Resplenduit
509 851 633 909 igitur
650 851 787 893 subito
811 855 896 900 a'er,
917 859 958 892 et
975 856 1227 907 expaverunt
1246 847 1428 889 tenebrae

77 922 172 964 novi
194 922 363 964 luminis
395 923 595 964 claritate.
621 922 833 979 Repressit
859 937 927 962 eas
944 953 955 969 ,
987 929 1028 962 et
1050 920 1165 976 quasi
1193 920 1237 959 in
1261 919 1430 975 abyssos

80 993 276 1034 demersit
298 1001 470 1049 repente
492 1008 567 1049 per
591 992 781 1033 universa
799 991 947 1033 mundi
969 990 1104 1047 fulgor
1124 988 1229 1031 lucis
1251 987 1425 1029 infusus.

76 1060 257 1103 Pulchre
289 1061 427 1118 itaque
454 1070 494 1102 et
525 1061 691 1118 proprie
721 1061 849 1103 dixit:
889 1061 1054 1103 «Facta
1083 1067 1144 1100 est
1166 1060 1248 1100 lux.
1271 1076 1286 1096 υ
1314 1057 1433 1099 Sicut

78 1130 189 1172 enim
218 1132 300 1173 cito
336 1134 406 1173 lux
434 1133 589 1173 coelum
608 1165 618 1180 ‚
652 1140 808 1180 terras,
841 1132 974 1173 maria
1005 1130 1235 1178 illuminat,
1271 1137 1312 1170 et
1343 1143 1426 1170 mo

77 1209 220 1243 mento
246 1202 443 1260 temporis
462 1202 549 1243 sine
574 1203 657 1243 ulla
676 1201 1053 1259 comprehensione
1075 1199 1242 1242 retectis
1265 1213 1433 1255 surgen-

78 1271 130 1314 tis
172 1271 255 1312 diei
299 1273 521 1329 splendore
563 1272 825 1329 regionibus,
865 1280 1008 1313 nostro
1053 1287 1096 1312 se
1129 1267 1433 1313 circumfundit

81 1343 289 1400 aspectui3
315 1343 370 1385 ita
393 1351 510 1385 ortus
535 1343 625 1400 ejus
649 1343 732 1385 cito
759 1343 904 1384 debuit
931 1341 1140 1400 explicari.
1170 1340 1284 1393 Quid
1305 1340 1434 1381 mira-

79 1428 174 1454 mur
198 1413 229 1454 si
252 1414 363 1456 Deus
379 1415 544 1456 locutus
562 1422 624 1455 est
647 1415 808 1461 lucem,
833 1421 872 1455 et
898 1412 1091 1469 caliganti
1113 1412 1271 1453 mundo
1289 1412 1433 1452 lumen

80 1483 275 1532 emicuit,
310 1486 477 1540 quando
509 1484 540 1526 si
571 1484 661 1541 quis
694 1484 803 1526 inter
833 1498 958 1540 aquas
987 1499 1172 1530 mersus,
1202 1483 1343 1523 oleum
1363 1495 1435 1522 ore

80 1553 286 1603 emiserit,
307 1554 480 1596 clariora
498 1554 621 1596 saciat
637 1569 685 1595 ea
701 1569 795 1612 quae
815 1553 1014 1610 profundi
1032 1553 1279 1611 tegebantur
1297 1551 1436 1592 occul-

81 1623 161 1667 tis?
190 1624 302 1666 Dixit
327 1625 458 1673 Deus;
494 1640 579 1667 non
606 1633 653 1667 ut
681 1640 756 1683 per
786 1623 898 1667 vocis
930 1638 1083 1681 organa
1112 1622 1279 1679 quidam
1309 1635 1435 1662 sonus

81 1694 283 1736 sermonis
315 1694 469 1743 exiret,
502 1711 579 1736 nec
620 1703 666 1737 ut
696 1695 847 1752 linguce
877 1703 1015 1737 motus
1047 1695 1215 1735 coeleste
1237 1691 1436 1733 formaret

82 1765 331 1821 alloquium,
364 1774 486 1823 atque
518 1770 658 1807 ae'rem
686 1753 818 1807 istum·
838 1765 1009 1822 quidam
1038 1764 1262 1805 verborum
1286 1760 1436 1818 strepi-

82 1842 147 1877 tus
168 1837 433 1878 verberaret:
461 1838 533 1878 sed
556 1845 601 1879 ut
622 1836 846 1879 voluntatis
871 1851 954 1878 suae
977 1832 1436 1895 cog11iti011e1n(4)pre—

83 1907 200 1950 deret
221 1907 473 1964 operationis
496 1906 663 1950 effectu.

138 1976 338 2020 XXXIV.
384 1996 401 2016 «
422 1978 473 2020 Et
510 1977 706 2020 discrevit
741 1977 850 2020 inter
882 1977 1026 2020 lucem
1066 1983 1108 2018 et
1137 1974 1362 2022 tenebram
1395 1981 1437 2015 et

83 2045 214 2087 »vidit
236 2046 347 2088 Deus
370 2048 508 2089 lucem
531 2048 625 2103 quia
648 2048 758 2090 bena
778 2046 877 2089 est2.
905 2065 922 2087 »
955 2045 1069 2089 Dixit
1090 2053 1131 2087 et
1151 2059 1302 2087 sonum
1325 2042 1436 2085 vocis

82 2117 220 2158 nullus
246 2117 402 2160 audivit
427 2133 434 2159 :
463 2118 684 2166 discrevit,
715 2125 758 2160 et
788 2116 1042 2176 operationis
1069 2114 1284 2158 molimina
1308 2128 1436 2156 nemo

82 2185 358 2242 deprehendit
383 2202 392 2228 :
420 2188 523 2231 vidit
554 2196 595 2229 et
625 2189 848 2230 oculorum
877 2186 967 2242 ejus
997 2185 1275 2229 intentionem
1298 2184 1437 2227 nuilus

84 2256 254 2314 aspexit.
296 2274 310 2294 «
332 2257 385 2300 Et
410 2257 534 2306 vidit,
561 2257 721 2316 inquit,
748 2258 862 2300 Deus
895 2258 1037 2299 lucem
1059 2256 1155 2314 quia
1175 2256 1285 2298 bona
1307 2262 1384 2297 est,
1411 2272 1428 2293 >1

86 2324 172 2367 Nec
202 2328 319 2382 quod
349 2327 588 2385 ignorabat,
623 2328 745 2376 vidit3
776 2343 855 2369 nec
878 2327 924 2371 id
952 2327 1066 2386 quod
1088 2325 1299 2369 nesciebat
1323 2331 1438 2374 ante,

87 2403 158 2437 aut
197 2411 283 2437 non
330 2397 514 2448 viderat,
555 2399 844 2456 comprobavit
868 2414 876 2440 ε
904 2399 976 2440 sed
1013 2398 1223 2439 honorum
1263 2409 1440 2453 operum

83 2466 301 2522 proprium
341 2476 436 2516 est,
475 2477 523 2510 ut
559 2477 731 2510 externo
768 2469 1112 2510 commendatore
1147 2481 1232 2508 non
1264 2473 1441 2523 egeant,

86 2536 158 2576 sed
185 2536 360 2593 gratiam
385 2553 526 2588 suam,
558 2553 655 2581 cum
678 2538 888 2589 videntur,
916 2539 1003 2596 ipsa
1024 2545 1241 2581 testentur.
1263 2536 1359 2580 Plus
1380 2543 1443 2578 est

133 2632 143 2645 ¹
165 2623 250 2658 Psal.
267 2635 400 2664 cxtvut,
417 2629 448 2660 5.
463 2645 502 2651 —-
518 2638 530 2652 ²
549 2629 633 2661 Gen.
653 2639 675 2665 1,
694 2628 726 2667 4.
