1747 3260
306 284 362 325 60
856 297 884 324 s.
925 298 1112 325 Axissnosn

307 377 421 432 quod
451 375 657 432 probatur
690 383 888 432 aspectu,
920 391 1045 432 quam
1080 376 1193 432 quod
1222 376 1654 419 sormone'laudatur.

305 444 391 486 Suo
407 445 517 487 enim
542 445 672 487 utitur
697 445 958 494 testimonio,
979 461 1060 487 non
1087 445 1221 487 alieno
1249 445 1458 502 suffragio.
1483 446 1611 497 Quod
1628 448 1662 489 si

308 516 418 570 apud
444 530 517 555 nos
549 515 681 557 oculis
702 515 908 572 judicium
932 515 1154 563 emittitur,
1188 515 1338 571 quibus
1361 515 1486 556 simul
1511 523 1551 556 ct
1574 531 1663 572 gra-

306 583 361 625 tia
377 586 620 635 venustatis,
641 594 681 628 et
699 600 840 627 rerum
857 601 1053 627 mensura
1074 585 1448 643 comprehenditur
1470 601 1478 627 :
1505 594 1661 642 quanto

305 653 436 711 magis
457 655 568 696 Deus
592 656 732 697 omnia
756 671 847 711 quae
873 656 1044 712 probat,
1069 655 1206 704 videt,
1231 664 1270 696 et
1295 670 1387 711 qum
1405 655 1538 702 videt,
1563 670 1664 712 pro-

305 722 399 771 bat,
426 726 660 766 secundum
689 727 801 781 qnod
823 726 1026 781 scriptum
1051 732 1111 766 cst
1137 740 1146 766 :
1184 743 1199 762 «
1222 724 1329 775 Quia
1356 724 1469 765 oculi
1494 724 1663 766 Domini

304 807 460 849 »super
485 793 642 849 justos¹
662 795 680 836 P
704 814 717 832 n
744 794 867 836 Lucis
890 803 1038 836 natura
1063 795 1306 851 hujusmodi
1329 802 1414 844 cst,
1439 803 1484 837 ut
1513 810 1597 836 non
1620 795 1662 836 in

305 876 484 904 numero
501 896 511 911 ‚
543 880 628 905 non
661 865 702 905 in
734 880 927 906 mensura
944 898 954 913 ,
982 881 1065 906 non
1088 865 1126 906 in
1158 867 1365 922 pondere,
1391 873 1435 906 ut
1461 866 1535 906 alia
1553 898 1562 913 ‚
1592 865 1664 906 sed

307 933 443 974 omnis
465 933 556 990 ejus
582 935 620 976 in
645 943 815 992 aspectu
838 935 966 992 gratia
997 936 1060 977 sit.
1086 935 1268 992 Propriis
1292 936 1433 992 itaque
1458 935 1664 977 sermoni-

305 1002 383 1044 bus
416 1012 609 1046 natnram
648 1006 753 1046 lucis
791 1006 1018 1062 expressit,
1054 1021 1144 1062 quae
1181 1006 1361 1047 videndo
1399 1007 1661 1063 complacet,

304 1074 502 1130 quoniam
521 1075 607 1132 ipsa
627 1075 797 1117 videndi
816 1076 1002 1118 officium
1021 1076 1321 1117 subministrat.
1346 1076 1430 1118 Nec
1454 1075 1663 1117 immerito

303 1151 468 1185 tantum
506 1145 582 1186 sibi
619 1146 941 1203 praedicatoren]
986 1146 1122 1203 poluit
1159 1146 1367 1194 invenire,
1411 1161 1431 1186 a
1466 1161 1548 1202 quo
1570 1144 1664 1201 jure

301 1213 438 1271 prima
478 1217 700 1265 laudatum
739 1216 938 1274 quoniam
978 1218 1063 1274 ipsa
1094 1217 1193 1259 fecit
1218 1250 1228 1265 ,
1278 1225 1324 1258 ut
1355 1216 1480 1257 etiam
1515 1224 1664 1257 caetera

302 1285 449 1326 mundi
476 1287 665 1328 membra
692 1287 815 1344 digna
843 1288 924 1329 sint
945 1288 1152 1329 laudibus.
1190 1285 1305 1328 Vidit
1339 1301 1438 1343 ergo
1461 1286 1573 1327 Deus
1605 1286 1666 1326 lu-

304 1369 420 1404 cem,
441 1364 482 1397 et
503 1358 621 1398 vultu
640 1372 714 1398 suo
738 1357 988 1399 iiluminavit
1005 1390 1015 1405 ,
1038 1366 1079 1398 et
1100 1357 1202 1398 vidit
1224 1356 1319 1413 quia
1338 1357 1448 1397 bona
1471 1364 1546 1397 est.
1571 1355 1666 1397 Non

304 1440 355 1467 ex
376 1435 493 1482 parte
515 1426 623 1475 Dei,
664 1429 737 1469 sed
769 1429 962 1484 generale
991 1427 1197 1484 judicium
1225 1435 1298 1468 est.
1336 1427 1481 1482 Itaque
1510 1441 1594 1467 non
1623 1426 1666 1467 in

304 1496 525 1552 splendore
555 1499 847 1539 tantummodo
865 1530 875 1546 ‚
902 1498 975 1540 sed
998 1498 1039 1539 in
1068 1498 1182 1539 omni
1204 1497 1382 1538 utilitato
1409 1495 1536 1554 gratia
1559 1495 1664 1537 lucis

303 1565 520 1622 probatur.
560 1568 677 1608 Unde
704 1575 745 1608 et
774 1568 972 1609 discretio
1003 1566 1049 1608 fit
1079 1567 1190 1608 inter
1210 1569 1349 1608 lucem
1380 1575 1421 1608 et
1445 1566 1661 1612 tenebras:

303 1643 351 1676 ut
373 1644 562 1692 separata
586 1637 691 1679 lueis
714 1646 862 1679 natura
883 1647 1007 1695 atque
1028 1638 1300 1680 tenebrarum
1315 1670 1326 1686 ,
1352 1636 1457 1679 nihil
1472 1636 1666 1678 videatur

304 1704 411 1747 intra
435 1721 477 1747 se
494 1707 650 1750 habere
675 1708 915 1751 eonsusum.

362 1775 544 1818 XXXV.
594 1795 608 1815 «
629 1778 681 1819 Et
710 1778 873 1820 vocavit
903 1771 1015 1820 Deus
1052 1779 1192 1820 lucem
1227 1779 1362 1827 diem,
1398 1786 1439 1819 et
1469 1777 1664 1819 tenebras

309 1854 509 1887 »noctem
542 1847 761 1896 vocavit²;
788 1867 800 1886 ι
834 1857 881 1890 ut
907 1857 948 1890 et
976 1849 1145 1891 nomine
1168 1848 1256 1906 ipso
1282 1849 1392 1891 diem
1414 1856 1667 1904 noctemque

303 1914 592 1972 distingueret.
616 1917 885 1960 Advertimus
902 1919 1041 1975 itaque
1059 1920 1171 1976 quod
1186 1919 1291 1960 lucis
1309 1927 1424 1961 ortus
1438 1927 1663 1975 antequam

303 1986 389 2033 sol,
410 1985 520 2028 diem
545 1987 736 2029 videatur
753 1988 937 2045 aperire;
962 1989 1167 2047 principia
1194 1989 1307 2030 enim
1326 1989 1407 2030 diei
1429 1988 1564 2030 noctis
1582 1987 1667 2029 exi-

301 2061 393 2095 tum
421 2057 652 2106 claudunt,
679 2057 858 2116 finisque
882 2059 1083 2118 temporis
1115 2068 1156 2101 et
1189 2067 1319 2101 status
1341 2060 1464 2101 limes
1491 2057 1604 2100 nocti
1625 2066 1667 2100 et

303 2123 384 2166 diei
417 2125 607 2169 videatur
636 2143 726 2170 esse
755 2129 1036 2187 praescriptus.
1075 2129 1197 2172 Diem
1236 2131 1298 2171 sol
1325 2128 1559 2177 clarificat,
1595 2129 1669 2170 lux

301 2194 414 2237 facit.
446 2197 710 2254 Frequenter
734 2201 888 2242 coelum
912 2201 1095 2242 nubibus
1125 2201 1294 2250 texitur,
1319 2208 1365 2242 ut
1395 2201 1456 2242 sol
1478 2207 1662 2256 tegatur,

302 2279 381 2306 nec
404 2267 515 2308 ullus
537 2268 678 2310 radius
705 2269 795 2326 ejus
814 2279 1037 2329 appareat3
1068 2272 1140 2314 lux
1162 2279 1304 2314 tamen
1330 2271 1441 2314 diem
1465 2272 1668 2313 domons-

300 2341 405 2384 trat,
437 2337 632 2380 tenebras
657 2339 894 2384 abscondit.

346 2454 356 2470 ¹
375 2447 457 2480 Psal.
476 2460 597 2491 xxxin,
618 2452 665 2485 ι6.
686 2471 725 2476 -
743 2463 754 2477 ·
774 2454 856 2486 Gen.
875 2465 899 2493 ι,
916 2455 949 2487 5.
