1747 3260
312 291 368 334 :72
859 294 888 321 S.
929 294 1118 322 AMBROSH

310 368 454 417 andis,
493 368 592 425 quid
632 369 795 411 miraris
836 371 867 413 si
900 387 1024 429 supra
1057 371 1370 414 firmamentum
1407 363 1502 415 elli
1530 374 1672 430 potuit
1724 372 1726 382 ¹

308 446 434 479 tantae
455 438 682 494 majestatis
705 440 946 495 operatione
974 442 1084 482 unda
1109 442 1339 499 suspendi?
1724 499 1727 504 1

368 506 463 549 XII.
501 507 562 548 De
593 508 680 549 aliis
708 508 796 550 haec
828 510 999 567 collige,
1036 512 1086 551 de
1122 511 1168 552 iis
1205 526 1297 567 quae
1324 511 1525 554 viderunt
1559 514 1675 556 oculi
1726 562 1728 566 y

309 575 551 625 hominum,
586 579 798 633 quomodo
831 580 883 620 ad
911 579 1158 622 Judaeorum
1194 582 1444 630 transitum,
1485 582 1517 623 si
1549 582 1672 624 ratio-

309 660 404 687 nem
427 647 576 702 quaeris
591 680 600 695 ‚
627 663 669 688 se
686 648 796 689 unda
822 648 1018 691 diviserit.
1043 650 1135 692 Non
1154 652 1260 692 solet
1282 652 1362 693 hoc
1380 667 1470 693 0550
1487 660 1675 703 naturae,
1726 647 1737 679 ²?

311 725 357 757 ut
379 732 482 773 aqua
506 733 548 759 50
567 717 774 760 discernat
797 720 848 760 ab
873 735 978 776 aqua
993 752 1003 769 ,
1029 729 1069 762 ct
1086 721 1128 762 in
1145 722 1354 779 profundo
1378 723 1670 764 interfusiones
1727 723 1729 725 ’

310 800 513 842 aquarum
537 795 658 828 terra:
680 789 818 829 medio
842 799 1099 846 separentur.
1137 792 1393 834 Gelaverunt
1421 793 1534 834 enim
1562 792 1673 835 ssuc-
1728 810 1731 848 '.

319 863 408 903 tus,
434 863 476 897 et
499 855 754 898 firmamenti
778 858 915 915 specie
940 874 1111 901 cursum
1139 877 1261 903 suum
1285 862 1450 904 insolito
1483 861 1566 904 fine
1586 862 1672 905 sre-

313 934 478 967 narunt.
519 925 668 968 Nonne
710 928 845 985 potuit
888 929 1013 970 etiam
1065 930 1184 971 aliter
1217 931 1433 972 hebraeuin
1465 933 1672 989 populum
1728 934 1730 939 ’

312 995 504 1037 liberare.
528 995 611 1038 Sed
628 996 702 1038 tibi
721 998 850 1040 voluit
869 1000 1112 1048 ostendere,
1134 1008 1179 1042 ut
1202 1015 1250 1042 eo
1279 1003 1520 1058 spectaculo
1544 1002 1675 1045 etiam
1729 1006 1731 1046 Ϊ

315 1065 408 1114 illa,
440 1082 530 1123 qua:
559 1082 643 1108 non
674 1067 839 1117 vidisti,
873 1069 1098 1111 aestimares
1116 1085 1204 1112 esse
1229 1072 1451 1113 credenda.
1479 1070 1676 1114 Jordanis

314 1152 503 1193 quoque,
537 1137 692 1178 reflexo
721 1153 869 1187 amne,
897 1139 938 1180 in
971 1156 1093 1181 suum
1121 1141 1281 1182 sontem
1306 1141 1545 1182 revertitur.
1577 1141 1675 1183 Hae-

311 1221 403 1249 rere
434 1222 605 1263 aquam,
640 1222 737 1248 cuin
770 1208 925 1249 labitur
961 1209 1229 1257 imisitatu1n3
1261 1225 1429 1251 rursum
1461 1210 1599 1251 redire
1629 1210 1674 1251 in
1729 1200 1731 1204 Α

315 1277 526 1334 superiora
567 1276 654 1318 sine
691 1279 778 1319 ullo
816 1280 1014 1335 repagulo
1058 1279 1315 1337 impossibile
1351 1280 1545 1330 habetur.
1591 1278 1679 1322 Sed
1730 1316 1732 1322 ,

313 1346 415 1403 quid
431 1346 685 1403 impossibile
701 1347 738 1388 ei
762 1347 832 1403 qui
857 1349 972 1390 dedit
988 1364 1109 1406 posse
1128 1349 1304 1391 infirmis
1327 1357 1373 1391 ut
1401 1349 1592 1391 infirmus
1609 1349 1676 1391 di-
1730 1361 1747 1403 [=

316 1423 384 1457 cat
408 1431 417 1456 ε
456 1415 640 1458 «Omnia
667 1432 838 1473 possum
865 1418 908 1459 in
930 1433 980 1460 eo
1005 1419 1076 1475 qui
1101 1433 1168 1460 me
1193 1418 1446 1461 confortat¹.
1474 1437 1489 1458 »
1523 1418 1677 1461 Dicant
1730 1418 1747 1460 '1

315 1493 431 1529 certe
448 1487 805 1542 quemadmodum
824 1492 894 1529 ae'r
911 1496 1084 1545 cogatur
1102 1488 1142 1528 in
1165 1488 1321 1530 nubem
1338 1521 1349 1537 ,
1373 1496 1516 1529 utrum
1536 1488 1677 1546 pluvia
1730 1508 1733 1550 ᾗ

316 1556 500 1598 nubibus
531 1565 770 1613 generetur,
804 1573 855 1599 an
879 1558 972 1600 sinu
997 1558 1176 1599 nubium
1203 1558 1436 1615 colligatur.
1469 1557 1679 1600 Videmus

315 1628 565 1684 plerumque
596 1627 708 1668 exire
740 1628 873 1669 nubes
909 1629 959 1670 de
993 1628 1220 1669 montibus.
1262 1629 1417 1680 Quaero
1444 1636 1591 1669 utrum
1624 1627 1681 1670 de
1732 1630 1747 1667 ²,

316 1696 437 1738 terris
463 1697 659 1738 ascendat
690 1712 819 1753 aqua;
851 1713 901 1739 an
928 1713 976 1739 ea
1004 1714 1095 1754 quae
1126 1714 1251 1756 super
1283 1700 1411 1740 coelos
1441 1707 1529 1747 est,
1561 1699 1676 1755 largo

315 1766 450 1808 imbre
473 1766 711 1808 descendat.
739 1767 782 1809 Si
801 1768 990 1809 ascendit
1005 1800 1014 1816 ‚
1034 1769 1180 1824 utique
1204 1776 1351 1810 contra
1368 1776 1564 1811 naturam
1587 1776 1681 1817 ost,

314 1844 363 1878 ut
396 1836 591 1878 ascendat
622 1834 664 1876 in
703 1837 918 1894 superiora
951 1853 1042 1894 quae
1076 1838 1242 1895 gravior
1275 1846 1336 1880 est
1364 1871 1374 1887 ,
1410 1847 1452 1880 et
1484 1845 1676 1896 portetur

315 1909 435 1954 aere,
471 1921 567 1947 cum
598 1908 668 1946 «τιδι’
700 1907 893 1948 subtilior
926 1907 988 1949 sit.
1032 1906 1117 1949 Aut
1149 1908 1181 1949 si
1218 1908 1374 1950 conciti
1402 1909 1516 1950 orbis
1546 1908 1674 1950 totius
1734 1904 1735 1942 Ῡ

315 1984 435 2018 motu
465 1976 626 2034 rapitur
655 1992 786 2034 aqua,
825 1978 932 2020 sicut
959 1977 1042 2019 imo
1071 1978 1173 2020 orbe
1204 1979 1389 2036 rapitur,
1421 1980 1477 2021 ita
1511 1994 1679 2021 summo
1734 1983 1736 2003 ³

316 2048 420 2089 orbe
442 2042 701 2091 diffunditur.
730 2049 773 2091 Si
795 2049 913 2091 fundi
930 2082 941 2098 ‚
967 2057 1013 2091 ut
1034 2051 1200 2099 volunt,
1228 2065 1313 2091 non
1335 2050 1510 2099 desinit,
1531 2050 1679 2107 utique
1733 2074 1736 2098 2

320 2132 406 2159 non
433 2118 583 2160 desinit
614 2119 725 2176 rapi3
760 2119 857 2176 quia
890 2119 923 2161 si
958 2119 1042 2162 axis
1072 2119 1166 2162 coeli
1198 2135 1363 2177 semper
1392 2128 1601 2170 movetur,
1634 2127 1680 2162 et
1735 2148 1738 2179 2

319 2203 426 2244 aqua
448 2203 613 2246 semper
642 2189 848 2231 hauritur.
876 2189 919 2231 Si
953 2189 1196 2238 descendit3
1225 2198 1368 2232 manet
1395 2205 1494 2247 ergo
1521 2189 1676 2247 jugiter
1736 2213 1737 2233 3

317 2273 443 2316 supra
476 2260 602 2301 coelos
644 2275 735 2316 quae
777 2259 906 2301 habet
939 2261 1052 2302 unde
1090 2260 1332 2301 descendat.
1373 2259 1536 2301 Deinde
1575 2258 1681 2316 quid
1734 2308 1735 2311 Ἴ

318 2329 457 2372 obstat
482 2330 514 2372 si
537 2329 819 2372 confiteantur
837 2331 933 2387 quia
959 2346 1063 2388 aqua
1086 2346 1210 2388 supra
1228 2331 1355 2372 coelos
1373 2345 1572 2388 suspensa
1593 2328 1676 2371 sit?
1734 2327 1738 2391 ζ’

315 2399 427 2443 Nam
449 2416 531 2457 quo
559 2401 687 2443 verbo
710 2401 857 2444 dicunt
883 2411 1038 2444 terram
1064 2402 1106 2443 in
1127 2401 1265 2443 medio
1291 2417 1381 2443 0550
1404 2406 1676 2459 suspensam,
1734 2394 1738 2426 ’Ῑ

320 2479 364 2512 et
384 2471 646 2514 immobilem
662 2487 832 2514 manere
844 2506 856 2522 ,
877 2488 975 2515 cum
992 2473 1138 2530 utique
1154 2472 1317 2530 gravior
1333 2473 1384 2514 sit
1402 2487 1528 2529 quam
1544 2486 1648 2528 aqua
1661 2487 1679 2521 3·
1735 2502 1739 2536 3

320 2555 370 2584 ea
400 2541 561 2584 ratione
595 2551 771 2601 possunt
808 2543 950 2587 dicere
981 2558 1064 2586 non
1099 2542 1350 2601 praecipitari
1382 2558 1532 2600 aquam
1563 2541 1682 2585 orbis

370 2642 379 2657 ¹
401 2633 520 2678 Philip.
539 2646 582 2675 iv,
605 2635 651 2668 13.
