1742 3233
377 307 428 333 DE
461 304 538 333 ΝοΕ
572 304 625 332 ET
658 303 779 333 ARcA.
820 305 937 332 ΜΒΕΡ.
971 303 1083 332 mws.
1328 289 1409 341 431

64 397 142 425 nus
166 397 175 424 ε
207 399 222 421 α
241 381 440 423 Inferiora
459 396 564 423 arcae
584 381 838 423 bicamerata
859 390 901 423 et
915 382 1180 424 tricamerata
1197 380 1321 424 facies
1334 382 1364 424 ¹.
1388 401 1402 420 η

64 451 261 494 Inferiora
283 450 453 506 quidem
475 450 679 498 dicendo,
714 451 970 492 advertimus
1000 450 1112 506 quod
1144 450 1320 507 pulchre
1341 466 1414 492 nos

63 520 216 566 sentire
237 518 414 562 voluerit
434 518 618 560 inferiori
635 520 727 560 loco
749 519 993 560 {estimanda
1016 520 1210 560 ciborum
1226 528 1414 576 recepta-

63 591 179 638 cula,
198 588 280 630 hoc
295 596 358 630 est
371 620 383 636 ,
411 603 459 630 ea
475 588 632 630 viscera
649 591 738 644 qua}
763 597 984 646 acceptum
1005 586 1238 629 conficiunt
1254 589 1409 630 cibum.

65 658 355 716 Corruptibilis
381 658 492 699 enim
514 673 608 699 esca
626 666 687 700 est
713 673 722 699 :
750 658 861 714 quod
879 666 1021 700 autem
1039 658 1317 715 corruptibile
1332 673 1418 699 non

64 727 345 785 superioribus
362 759 373 775 ,
398 726 470 768 sed
494 727 760 770 inferioribus
782 729 1129 784 comparandum.
1167 726 1303 768 Simul
1322 727 1419 783 quia

64 798 182 839 cibus
205 799 400 839 deorsum
423 796 570 845 fertur,
595 797 715 853 cujus
743 797 890 854 exigua
917 784 1056 854 portio
1086 796 1243 838 viribus
1266 811 1421 853 corpo-

63 867 120 909 ris
133 899 144 916 ,
165 868 454 924 alimoniaeque
470 866 639 924 proficit
659 883 667 908 :
695 868 853 923 reliqua
869 883 967 908 vero
984 882 1079 923 pars
1101 868 1190 908 alvo
1207 869 1422 924 purganda

62 938 310 986 deducitur3
335 939 430 994 quia
462 938 656 980 intestina
680 946 776 978 sunt
804 953 878 994 per
911 952 1002 993 quae
1026 936 1289 978 descendunt
1309 937 1421 978 cibo—

67 1024 164 1050 rum
186 1009 409 1066 superflua.
467 1055 472 1060 ,

121 1077 319 1121 XXVIII.
358 1079 419 1119 Ita
446 1085 641 1134 operator
665 1074 807 1118 noster
830 1076 1031 1123 instituit,
1063 1084 1111 1117 ut
1146 1090 1230 1116 non
1253 1084 1419 1117 extenta

65 1162 87 1190 a
119 1147 336 1189 stomacho
371 1148 422 1188 ad
454 1147 611 1195 imum,
652 1148 725 1187 sed
756 1146 918 1187 sinuata
952 1146 1034 1187 sint
1055 1160 1103 1187 ac
1133 1145 1313 1193 ressexa3
1339 1161 1422 1202 quo

62 1216 155 1263 vitae
190 1225 341 1258 nostrae
382 1231 481 1257 usus
517 1224 832 1273 propagaretur.
876 1216 981 1257 Nam
1021 1216 1054 1256 si
1091 1217 1421 1257 extenderentur

64 1286 259 1329 intestina
278 1286 461 1328 hominis
479 1301 571 1342 quae
587 1285 824 1342 suscipiunt
846 1294 889 1327 et
906 1284 1124 1326 deducunt
1146 1285 1314 1333 cibum,
1347 1293 1426 1327 sta-

65 1356 141 1398 tim
164 1356 252 1398 sine
282 1358 366 1398 ulla
396 1356 670 1413 pertransiret
697 1371 837 1403 mora;
876 1364 918 1397 et
946 1369 1118 1396 necesse
1140 1362 1247 1396 esset
1271 1354 1425 1412 jugiter

70 1426 229 1469 esurire
255 1441 354 1475 nos,
390 1426 546 1483 jugiter
579 1426 763 1483 epulari,
793 1434 863 1467 aut
888 1425 1110 1467 deficiente
1132 1426 1430 1467 alimentorum
1490 1464 1493 1467 .

71 1496 300 1543 substantia
322 1494 503 1538 delicere
524 1496 647 1537 iflico.
672 1495 793 1537 Nunc
816 1503 958 1536 autem
975 1495 1018 1535 in
1039 1495 1107 1536 illa
1131 1494 1428 1536 intestinorum

70 1565 314 1608 reflectione
348 1580 395 1607 ac
428 1566 663 1607 sinuatione
705 1565 902 1622 bipartita
930 1580 977 1606 ac
1010 1565 1219 1622 tripartita
1246 1564 1430 1607 adhaeret

72 1636 215 1684 cibus,
238 1643 281 1676 et
310 1634 604 1676 descendendo
636 1635 840 1692 paulatim
864 1634 968 1676 vires
995 1634 1230 1683 ministrat,
1256 1648 1431 1676 succum

72 1703 254 1747 infundit
273 1703 462 1760 corpori,
480 1712 595 1745 tenet
621 1704 875 1750 satietatem,
906 1702 1046 1745 differt
1067 1702 1218 1744 edendi
1237 1711 1431 1759 appeten-

72 1775 174 1817 tiam
199 1790 208 1816 :
227 1789 307 1816 nec
323 1775 457 1816 subita
475 1773 622 1816 effusio
639 1807 649 1822 ,
669 1789 747 1815 nec
766 1773 982 1830 repentina
1003 1773 1219 1814 evacuatio
1238 1781 1323 1821 est,
1350 1787 1430 1814 nec

74 1843 333 1901 inexplebilis
384 1844 620 1900 appetentia
672 1851 734 1884 est
755 1875 766 1891 ,
812 1857 890 1884 nec
937 1841 1180 1883 insatiabilis
1234 1841 1432 1898 epulandi

74 1912 220 1962 libido.
247 1912 435 1955 Primum
457 1927 555 1969 ergo
588 1912 816 1969 indigentia
838 1919 926 1960 est,
952 1920 994 1953 et
1019 1910 1149 1952 sames
1176 1925 1185 1951 ε
1217 1910 1367 1953 deinde
1386 1926 1437 1953 ex

74 1981 139 2025 his
184 1978 449 2039 sequeretur
476 1982 628 2024 edendi
673 1982 761 2023 sine
811 1980 1119 2023 intermissione
1157 1980 1430 2023 continuatio.

77 2052 193 2105 Quid
214 2060 354 2095 autem
377 2052 603 2095 deformius
617 2084 628 2101 ,
647 2037 774 2109 quam
794 2066 960 2109 semper
979 2050 1115 2092 ventri
1139 2049 1307 2091 studere
1324 2083 1334 2098 ‚
1364 2050 1435 2105 qui

77 2137 175 2164 cum
196 2124 396 2180 repletur,
428 2123 669 2165 vacuandus
690 2130 779 2170 est3
808 2136 907 2163 cum
928 2129 1148 2169 vacuatur,
1179 2119 1435 2177 replendus?

77 2191 264 2241 Tertium
281 2192 383 2248 quid
405 2200 598 2250 superat,
632 2191 711 2233 nisi
733 2206 844 2231 mors
872 2191 980 2232 inter
999 2190 1109 2247 ipsos
1133 2190 1249 2231 cibos
1267 2190 1434 2246 epulas—

80 2276 160 2317 que
175 2261 406 2318 permixta?
424 2262 646 2313 Quomodo
664 2261 776 2303 enim
798 2268 993 2317 poterant
1016 2260 1172 2301 diutius
1188 2259 1318 2301 vitam
1335 2273 1434 2315 pro-

81 2333 259 2381 ducere,
294 2333 419 2374 simul
442 2332 639 2380 edentes,
663 2339 706 2373 et
727 2331 980 2377 esurientes,
1005 2329 1197 2370 bibentes
1230 2329 1438 2370 sitientes—

80 2417 185 2458 que,
215 2410 258 2443 et
285 2402 399 2459 prius
429 2416 555 2458 quam
577 2402 841 2458 replerentur
862 2398 1147 2441 exinanientes
1170 2413 1294 2439 omne
1322 2397 1437 2453 quod

16 2512 22 2527 ἓ
83 2479 367 2529 sumpserant,
389 2471 610 2528 statimque
633 2468 893 2512 esurientes?
914 2467 1034 2510 Nunc
1057 2475 1195 2508 autem
1212 2469 1312 2509 dum
1332 2482 1437 2523 pau-

82 2540 201 2584 latim
242 2541 460 2585 descendit
498 2556 593 2585 esca
608 2572 620 2589 ,
665 2539 820 2584 samem
865 2546 907 2581 et
948 2537 1200 2581 cruditatem
1243 2536 1442 2580 naturalis

133 2642 144 2658 ¹
162 2634 244 2668 Gen.
265 2645 319 2675 vi,
340 2635 389 2668 ιθ.
