1747 3260
426 303 754 331 Mssmormmffls
787 304 1016 333 EPISCOPUS.
1191 302 1195 307 ”
1373 294 1395 337 5

37 377 377 430 concreditus
407 391 541 442 erat,
574 381 831 449 sapientia
854 382 1160 449 sublimem,
1188 387 1396 453 generis

37 460 298 525 claritate,
325 461 444 510 vitre
471 460 782 529 splendore,
813 463 1002 514 orandi
1033 465 1304 531 facultate,
1342 479 1394 519 et

35 541 195 592 rebus
220 542 560 593 saecularibus
590 543 847 595 illustrem
877 545 941 595 ad
967 564 1184 614 gregum
1202 548 1401 599 Christi

35 636 304 694 pasturam
358 625 515 675 traxit
555 644 565 675 z
608 627 701 695 qui
756 626 1006 695 projectis
1064 629 1223 698 hujus
1276 631 1398 681 vitae

36 705 231 773 opibus
274 707 557 770 universis,
603 726 810 777 proque
839 707 1041 759 damno
1082 711 1304 776 habitis,
1344 724 1404 763 ut

37 785 307 837 Christum
350 788 710 853 lucrifaceret,
753 791 1028 840 commissa
1070 791 1171 841 sibi
1218 793 1398 860 magni

35 886 94 918 ae
143 870 381 937 praeclari
422 870 649 938 navigii,
695 871 939 922 Ecclesiae
980 871 1228 924 videlicet
1273 875 1405 941 Dei,

40 950 95 999 in
125 949 228 1000 fide
260 951 457 1001 Christi
495 951 857 1019 gubernacula
894 942 1129 1023 aceepit(
1162 956 1273 1023 Age
1305 955 1403 1022 igi-

35 1042 140 1096 tur,
170 1050 202 1081 o
231 1033 390 1082 homo
422 1034 549 1098 Dei,
590 1033 1032 1103 quandoquidem
1073 1053 1178 1084 non
1210 1035 1277 1084 ab
1308 1036 1401 1085 ho-

42 1112 282 1163 minibus
318 1115 566 1183 accepisti
595 1126 686 1164 aut
714 1114 903 1166 doctus
940 1135 993 1167 es
1034 1117 1408 1193 Evangelium7

37 1193 129 1244 sed
169 1195 281 1263 ipse
321 1206 369 1245 te
407 1196 674 1247 Dominus
711 1215 738 1246 e
775 1196 952 1247 medio
979 1196 1223 1265 judicum
1255 1209 1402 1248 terrse

39 1275 378 1345 desumptum
400 1277 466 1327 ad
489 1276 791 1328 cathedram
811 1279 1154 1347 apostolicam
1178 1290 1405 1329 transtu-

35 1358 108 1409 lit.
139 1382 161 1406 »
191 1361 382 1429 (Epist.
420 1361 524 1428 LV.)

106 1441 420 1509 Symmacho
441 1441 586 1511 apud
607 1442 1044 1492 Valentinianum
1069 1441 1134 1508 H,
1157 1454 1215 1493 ut
1235 1443 1395 1493 altare

0 1569 8 1581 ,
37 1523 288 1573 Victoriae
314 1524 453 1574 intra
481 1524 706 1574 Senatus
736 1524 963 1574 Romani
996 1523 1132 1574 aedes
1159 1525 1400 1575 restitne-

37 1616 202 1670 retur,
239 1592 447 1656 fortiter
477 1606 655 1674 agenti
693 1605 884 1657 fortius
921 1607 1033 1675 ipse
1062 1606 1283 1657 obstitit.
1322 1605 1408 1657 Ad

36 1686 323 1737 Maximum
350 1698 638 1756 tyrannum
669 1687 735 1738 ab
768 1687 954 1739 eodem
990 1688 1396 1752 Valentiniano,

36 1769 116 1819 vel
140 1769 317 1838 potius
341 1769 407 1819 ab
433 1769 545 1839 ejus
573 1781 738 1820 matre
759 1770 966 1820 Justina
990 1770 1140 1837 regni
1168 1769 1400 1819 habenas

33 1850 261 1920 junioris
292 1852 433 1902 illius
464 1853 724 1921 principis
755 1852 872 1903 loco
903 1851 1231 1916 moderante,
1254 1851 1399 1921 pacis

37 1933 236 1985 arbiter
275 1933 589 2004 deputatus,
627 1933 826 1984 bellum
857 1933 924 1984 ab
956 1935 1182 2003 imperio
1222 1950 1400 1983 arcere

40 2015 330 2084 praevaluit.
385 2015 519 2066 Cum
567 2026 744 2066 autem
792 2016 988 2066 Ariana
1038 2016 1123 2065 illa
1164 2027 1407 2065 matrona

33 2097 288 2166 templum
313 2098 526 2148 Arianis
550 2096 873 2148 tradendum
897 2098 1210 2167 postularet,
1238 2098 1401 2147 intre-

34 2178 195 2248 pidus
223 2178 504 2249 respondit
532 2180 797 2249 pontifex,
827 2198 998 2231 sacras
1031 2181 1127 2230 Dei
1162 2178 1298 2230 redes
1334 2178 1401 2229 ab

35 2259 211 2329 impiis
246 2260 605 2330 profanandas
644 2260 854 2312 tradere
893 2262 1146 2331 episeopo
1185 2279 1291 2310 non
1336 2259 1399 2309 li·

0 2387 1 2416 ,
37 2360 168 2393 cere.
214 2344 354 2394 Hinc
391 2355 572 2394 exorta
610 2354 795 2395 eontra
838 2355 1079 2394 sanctum
1125 2342 1401 2393 doctorem

33 2423 368 2475 acerbissima
401 2427 739 2495 persecutio:
773 2425 1020 2476 satellites
1048 2424 1294 2494 undique
1323 2443 1401 2475 sa-

33 2522 118 2555 era
154 2507 347 2576 templa
382 2507 835 2571 circumstabant3
872 2505 1303 2577 projiciebantur
1342 2505 1399 2554 in

33 2603 294 2639 carcerem
320 2588 612 2655 Catl1oliei3
646 2588 911 2658 urgebant
942 2589 1126 2659 templi
1155 2585 1400 2640 traditio-
