1742 3233
309 287 394 338 434
851 298 880 324 5.
923 296 1109 324 Animosa

309 385 396 426 351,
431 390 529 433 cum
550 358 738 416 interiret
758 356 884 415 bomo
911 365 978 414 cui
1002 372 1183 433 regalem
1207 363 1431 427 quamdam·
1450 360 1652 422 Dominus

305 447 418 489 Deus
454 445 495 486 in
531 458 655 485 omne
692 442 964 484 animantium
1001 436 1130 498 genus
1156 448 1406 497 potestatem
1437 431 1578 497 dedit,
1602 448 1654 507 ut

307 507 501 557 omnibus
523 512 784 560 volatilibus,
809 512 932 558 feris,
956 511 1099 552 bestiis
1119 505 1322 566 impeiiali
1346 517 1540 566 praeesset
1561 501 1657 552 auc-

307 584 494 631 toritate,
518 582 631 638 quod
661 582 788 622 etiam
808 582 1018 644 pecudes,
1044 588 1086 621 et
1107 593 1383 636 quaecumque
1410 587 1530 621 erant
1550 574 1657 621 irra-

307 653 518 697 tionabilia
536 659 898 694 commorerentur
920 649 1124 691 animalia.
1148 646 1339 705 Denique
1362 649 1394 690 si
1411 647 1578 705 quando
1596 655 1658 690 est

307 721 564 781 pestilentia,
589 727 789 776 corrupto
811 720 906 760 coeli
932 727 1091 768 tractu,
1117 719 1234 776 prius
1258 733 1304 760 ea
1323 732 1414 774 quae
1437 725 1534 759 sunt
1554 716 1660 758 irra-

307 791 520 835 tionabilia
542 791 632 831 lues
647 789 1013 831 dirarcontaminat
1028 821 1038 837 ‚
1063 796 1105 830 et
1126 787 1308 830 maxime
1329 803 1452 829 canes
1467 820 1477 836 ,
1503 786 1656 843 equos',

305 854 460 909 boves}
487 869 611 916 atque
642 874 690 901 ea
727 857 860 910 inficit
890 873 981 914 quae
1017 872 1115 900 cum
1143 857 1386 899 hominibus
1424 856 1661 899 conversari

307 934 502 975 videntur
531 945 540 971 :
573 930 632 971 sic
654 928 789 970 morbi
812 929 872 969 vis
895 928 1021 970 etiam
1045 942 1174 985 genus
1197 927 1431 969 humanum
1457 925 1655 984 implicat.

308 1004 405 1044 Haee
425 1000 551 1058 igitur
569 998 703 1056 prima
728 1013 850 1040 causa
871 1030 883 1046 ,
914 1005 961 1038 ut
983 997 1180 1046 arbitror,
1201 997 1320 1053 justze
1348 995 1598 1038 assertionis.

366 1070 549 1114 XXXII.
587 1068 781 1110 Secunda
815 1067 910 1116 illa,
946 1067 1042 1123 quia
1078 1082 1202 1109 nemo
1238 1075 1406 1109 accusat
1442 1074 1662 1114 naturam,

310 1156 385 1182 cur
400 1139 561 1195 reliqua
582 1137 770 1194 corporis
792 1135 923 1178 nostri
946 1137 1136 1178 membra
1158 1136 1395 1178 moliantur
1418 1131 1504 1177 solo
1530 1120 1665 1206 capite

310 1211 490 1257 sublato,
525 1222 635 1262 cum?
645 1208 800 1248 multos
822 1205 1037 1247 videamus
1060 1206 1285 1262 amputatis
1308 1206 1504 1246 manibus
1526 1212 1567 1246 et
1590 1219 1667 1261 pe-

311 1279 433 1321 dibus
468 1276 746 1334 supervivere.
780 1275 865 1317 Sed
894 1289 980 1315 non
1009 1276 1158 1316 eadem
1183 1283 1433 1315 caeterorum
1456 1270 1669 1321 membro-

311 1363 406 1390 rum
437 1355 499 1389 est
528 1343 821 1403 praerogativa,
856 1358 947 1399 quae
972 1343 1144 1400 capitis3
1181 1344 1361 1400 ideoque
1390 1343 1575 1385 abscisso
1592 1342 1664 1392 eo',

311 1420 424 1460 unde
447 1431 591 1458 sensus
608 1413 739 1456 nostri
757 1414 798 1454 in
819 1413 1029 1469 reliquum
1052 1428 1203 1470 corpus
1220 1415 1430 1470 prodeunt
1444 1445 1454 1461 ,
1480 1427 1670 1454 commo-

312 1490 480 1531 riuntur
509 1487 635 1528 etiam
662 1484 802 1526 omnia
835 1484 1028 1525 membra
1055 1498 1065 1524 τ
1095 1498 1173 1525 nec
1202 1483 1245 1524 in
1269 1498 1318 1524 eo
1342 1492 1413 1524 aut
1436 1483 1669 1540 operatoris
1731 1470 1737 1494 ⁴

314 1556 573 1617 providentia
612 1554 837 1603 deseritur,
873 1561 944 1595 aut
975 1553 1218 1594 substantiae
1245 1553 1441 1595 humanae
1471 1553 1670 1610 fragilitas
1732 1590 1737 1615 3

316 1627 592 1684 redarguitur.
621 1624 822 1672 Similiter
838 1637 937 1680 ergo
957 1637 1082 1665 nemo
1100 1637 1214 1665 nunc
1233 1631 1400 1679 arguat,
1425 1623 1521 1679 quia
1545 1632 1672 1680 caput
1732 1648 1735 1668 .;

316 1707 358 1741 et
381 1696 609 1754 principale
633 1694 845 1750 quoddam
871 1701 1119 1734 caeterorum
1152 1692 1397 1734 animalium
1424 1693 1552 1734 homo
1580 1701 1670 1743 est,
1733 1733 1736 1745 ,

320 1784 403 1826 quo
419 1766 626 1809 moriente
648 1779 734 1806 non
755 1763 881 1806 debet
896 1762 1052 1805 mirum
1069 1762 1201 1805 videri
1215 1794 1226 1811 ‚
1252 1763 1285 1804 si
1307 1770 1457 1805 caetera
1479 1777 1682 1805 commo*
1732 1771 1735 1786 ³

322 1839 484 1882 riantur
505 1833 711 1878 animalia
1481 1868 1487 1873 .

378 1900 582 1969 XXXIII.
618 1901 808 1957 Tertium
832 1900 936 1957 illud
962 1911 1047 1950 est,
1052 1902 1196 1959 quia
1190 1881 1364 1945 rationis
1385 1878 1610 1964 expertia
1593 1888 1680 1945 non

325 1965 497 2039 propter
527 1991 585 2025 se,
609 1974 683 2016 sed
703 1981 876 2032 propter
897 1951 1112 2014 hominem
1133 1957 1328 2029 generata
1349 1981 1446 2015 sunt
1463 1957 1678 2021 31111113Ῐί3;
1732 1977 1733 1985 ’

332 2047 508 2092 hominis
536 2046 649 2088 enim
680 2059 804 2086 causa
826 2057 916 2084 esse
940 2050 1149 2099 plaecepta
1177 2050 1296 2090 sunt,
1327 2051 1376 2085 ut
1405 2057 1554 2104 eorum
1582 2043 1684 2085 sub-
1730 2082 1733 2086 .

329 2120 511 2179 jectione
531 2118 714 2160 humana
735 2120 950 2171 praestaret
970 2112 1167 2155 conditio.
1189 2111 1379 2169 Denique
1394 2114 1535 2170 giatiae
1555 2114 1688 2157 homi·
1731 2153 1733 2157 .

330 2186 396 2236 nis
438 2183 637 2255 attribuit
673 2182 882 2248 Propheta
923 2182 1065 2224 dicens
1091 2197 1100 2222 ;
1127 2199 1141 2219 «
1164 2181 1317 2225 Omnia
1346 2183 1569 2262 subjecisti
1609 2182 1687 2226 sub
1730 2198 1733 2206 ¹

328 2253 542 2335 »pedibus
573 2248 686 2319 ejus,
720 2270 817 2298 oves
844 2261 886 2295 et
922 2241 1050 2313 boves
1076 2246 1312 2310 universas,
1344 2251 1517 2312 insuper
1543 2263 1586 2301 et
1612 2269 1690 2312 pef-
1730 2267 1732 2309 j

335 2351 354 2374 o
369 2340 468 2375 cora
485 2328 649 2386 campi,
668 2316 859 2369 tolucles
881 2322 974 2366 coeli
996 2330 1038 2364 et
1053 2322 1186 2381 pisces
1202 2323 1352 2365 maris¹
1367 2341 1378 2373 3
1405 2341 1422 2364 »
1442 2325 1539 2382 quia
1558 2339 1692 2393 prop-
1726 2368 1728 2370 ,

339 2411 405 2446 ter
421 2415 558 2459 ipsum
581 2398 651 2440 illa
679 2395 818 2438 omnia
848 2408 857 2435 :
887 2393 964 2435 alia
983 2399 1156 2455 piopter
1177 2392 1425 2443 utilitatem,
1451 2394 1527 2463 alia
1549 2379 1692 2436 delec-
1729 2451 1731 2455 Α

341 2470 510 2516 tationis
540 2467 695 2527 gratia,
720 2464 799 2508 alia
823 2452 1059 2521 voluptatis.
1095 2458 1366 2520 Consequens
1388 2478 1488 2522 ergo
1511 2469 1621 2512 erat,
1645 2461 1694 2505 ut
1728 2490 1731 2497 ι

344 2539 445 2585 tum
482 2540 693 2583 deleretur
720 2536 848 2580 homo
879 2540 902 2577 3
927 2530 1036 2578 faeie
1067 2537 1189 2577 terrae
1231 2532 1402 2591 propter
1431 2528 1558 2593 quem
1585 2531 1695 2580 facta
1728 2534 1731 2590 j

407 2634 420 2657 ⁸
439 2630 482 2666 Ps
504 2628 549 2664 al.
564 2637 638 2670 vm,
654 2627 687 2665 8,
