<?xml version="1.0" encoding="UTF-8"?>
<!DOCTYPE html PUBLIC "-//W3C//DTD XHTML 1.0 Transitional//EN"
    "http://www.w3.org/TR/xhtml1/DTD/xhtml1-transitional.dtd">
<html xmlns="http://www.w3.org/1999/xhtml" xml:lang="en" lang="en">
 <head>
  <title>
</title>
<meta http-equiv="Content-Type" content="text/html;charset=utf-8" />
  <meta name='ocr-system' content='tesseract 3.04.00' />
  <meta name='ocr-capabilities' content='ocr_page ocr_carea ocr_par ocr_line ocrx_word'/>
</head>
<body>
  <div class='ocr_page' id='page_1' title='image "./omniaequaeextant01ambruoft_0473.png"; bbox 0 0 1742 3233; ppageno 0'>
   <div class='ocr_carea' id='block_1_1' title="bbox 434 219 1454 271">
    <p class='ocr_par' dir='ltr' id='par_1_1' title="bbox 434 219 1454 271">
     <span class='ocr_line' id='line_1_1' title="bbox 434 219 1454 271; baseline -0.006 -9"><span class='ocrx_word' id='word_1_1' title='bbox 434 234 485 262; x_wconf 83' lang='lat' dir='ltr'>DE</span> <span class='ocrx_word' id='word_1_2' title='bbox 519 234 598 263; x_wconf 76' lang='lat' dir='ltr'>Nor,</span> <span class='ocrx_word' id='word_1_3' title='bbox 630 233 682 261; x_wconf 83' lang='lat' dir='ltr'>ET</span> <span class='ocrx_word' id='word_1_4' title='bbox 716 232 837 260; x_wconf 80' lang='lat' dir='ltr'>ARCA.</span> <span class='ocrx_word' id='word_1_5' title='bbox 876 232 994 261; x_wconf 71' lang='lat' dir='ltr'>mmm</span> <span class='ocrx_word' id='word_1_6' title='bbox 1026 231 1138 259; x_wconf 76' lang='lat' dir='ltr'><strong>UNUS.</strong></span> <span class='ocrx_word' id='word_1_7' title='bbox 1369 219 1454 271; x_wconf 70' lang='lat'>443</span> 
     </span>
    </p>
   </div>
   <div class='ocr_carea' id='block_1_2' title="bbox 110 307 1494 2533">
    <p class='ocr_par' dir='ltr' id='par_1_2' title="bbox 110 307 1464 558">
     <span class='ocr_line' id='line_1_2' title="bbox 113 307 1460 368; baseline -0.002 -16"><span class='ocrx_word' id='word_1_8' title='bbox 113 310 403 368; x_wconf 84' lang='lat' dir='ltr'>comparanda.</span> <span class='ocrx_word' id='word_1_9' title='bbox 432 309 672 352; x_wconf 87' lang='lat' dir='ltr'>Consonans</span> <span class='ocrx_word' id='word_1_10' title='bbox 697 310 836 349; x_wconf 85' lang='lat' dir='ltr'>autem</span> <span class='ocrx_word' id='word_1_11' title='bbox 863 307 906 348; x_wconf 89' lang='lat' dir='ltr'>in</span> <span class='ocrx_word' id='word_1_12' title='bbox 929 316 1108 364; x_wconf 84' lang='lat' dir='ltr'>utroque</span> <span class='ocrx_word' id='word_1_13' title='bbox 1126 322 1324 349; x_wconf 84' lang='lat' dir='ltr'>numerus</span> <span class='ocrx_word' id='word_1_14' title='bbox 1347 308 1460 365; x_wconf 83' lang='lat' dir='ltr'>peri-</span> 
     </span>
     <span class='ocr_line' id='line_1_3' title="bbox 113 376 1464 447; baseline -0.001 -26"><span class='ocrx_word' id='word_1_15' title='bbox 113 379 217 436; x_wconf 87' lang='lat' dir='ltr'>culi,</span> <span class='ocrx_word' id='word_1_16' title='bbox 244 378 339 436; x_wconf 85' lang='lat' dir='ltr'>quia</span> <span class='ocrx_word' id='word_1_17' title='bbox 359 387 533 447; x_wconf 84' lang='lat' dir='ltr'>peccata</span> <span class='ocrx_word' id='word_1_18' title='bbox 554 377 679 420; x_wconf 85' lang='lat' dir='ltr'>etiam</span> <span class='ocrx_word' id='word_1_19' title='bbox 700 377 998 425; x_wconf 80' lang='lat' dir='ltr'>consonantia3</span> <span class='ocrx_word' id='word_1_20' title='bbox 1022 376 1255 434; x_wconf 88' lang='lat' dir='ltr'>meritoque</span> <span class='ocrx_word' id='word_1_21' title='bbox 1278 392 1362 418; x_wconf 90' lang='lat' dir='ltr'>non</span> <span class='ocrx_word' id='word_1_22' title='bbox 1383 378 1464 419; x_wconf 88' lang='lat' dir='ltr'>dis-</span> 
     </span>
     <span class='ocr_line' id='line_1_4' title="bbox 115 446 1463 506; baseline -0.001 -17"><span class='ocrx_word' id='word_1_23' title='bbox 115 456 201 490; x_wconf 84' lang='lat' dir='ltr'>tant</span> <span class='ocrx_word' id='word_1_24' title='bbox 240 449 371 506; x_wconf 83' lang='lat' dir='ltr'>spatia</span> <span class='ocrx_word' id='word_1_25' title='bbox 407 457 675 505; x_wconf 89' lang='lat' dir='ltr'>temporum,</span> <span class='ocrx_word' id='word_1_26' title='bbox 705 446 802 504; x_wconf 78' lang='lat' dir='ltr'>quia</span> <span class='ocrx_word' id='word_1_27' title='bbox 838 461 923 488; x_wconf 88' lang='lat' dir='ltr'>non</span> <span class='ocrx_word' id='word_1_28' title='bbox 962 447 1116 488; x_wconf 80' lang='lat' dir='ltr'>distant</span> <span class='ocrx_word' id='word_1_29' title='bbox 1145 447 1293 488; x_wconf 67' lang='lat' dir='ltr'>mciita</span> <span class='ocrx_word' id='word_1_30' title='bbox 1333 447 1463 492; x_wconf 65' lang='lat' dir='ltr'>delio.-</span> 
     </span>
     <span class='ocr_line' id='line_1_5' title="bbox 110 525 263 558; baseline 0 0"><span class='ocrx_word' id='word_1_31' title='bbox 110 525 263 558; x_wconf 90' lang='lat' dir='ltr'>torum.</span> 
     </span>
    </p>

    <p class='ocr_par' dir='ltr' id='par_1_3' title="bbox 111 586 1484 1971">
     <span class='ocr_line' id='line_1_6' title="bbox 169 586 1461 644; baseline -0.001 -14"><span class='ocrx_word' id='word_1_32' title='bbox 169 586 323 637; x_wconf 63' lang='lat' dir='ltr'>XLIV,</span> <span class='ocrx_word' id='word_1_33' title='bbox 355 586 447 639; x_wconf 89' lang='lat' dir='ltr'>Non</span> <span class='ocrx_word' id='word_1_34' title='bbox 468 587 737 630; x_wconf 82' lang='lat' dir='ltr'>mediocriter</span> <span class='ocrx_word' id='word_1_35' title='bbox 759 586 885 628; x_wconf 81' lang='lat' dir='ltr'>etiam</span> <span class='ocrx_word' id='word_1_36' title='bbox 910 594 1151 628; x_wconf 82' lang='lat' dir='ltr'>scrutantur</span> <span class='ocrx_word' id='word_1_37' title='bbox 1170 586 1359 644; x_wconf 77' lang='lat' dir='ltr'><strong>plerique</strong></span> <span class='ocrx_word' id='word_1_38' title='bbox 1380 602 1461 644; x_wconf 84' lang='lat' dir='ltr'>qua</span> 
     </span>
     <span class='ocr_line' id='line_1_7' title="bbox 111 647 1464 721; baseline 0.001 -23"><span class='ocrx_word' id='word_1_39' title='bbox 111 652 271 721; x_wconf 80' lang='lat' dir='ltr'>ratione</span> <span class='ocrx_word' id='word_1_40' title='bbox 293 657 566 714; x_wconf 82' lang='lat' dir='ltr'>quadiaginta</span> <span class='ocrx_word' id='word_1_41' title='bbox 587 647 676 699; x_wconf 43' lang='lat' dir='ltr'>&#39;dies</span> <span class='ocrx_word' id='word_1_42' title='bbox 699 657 903 699; x_wconf 78' lang='lat' dir='ltr'>diluvium</span> <span class='ocrx_word' id='word_1_43' title='bbox 924 656 1061 698; x_wconf 79' lang='lat' dir='ltr'>luerit.</span> <span class='ocrx_word' id='word_1_44' title='bbox 1090 656 1143 698; x_wconf 89' lang='lat' dir='ltr'>Et</span> <span class='ocrx_word' id='word_1_45' title='bbox 1162 649 1383 713; x_wconf 67' lang='lat' dir='ltr'>Possumus</span> <span class='ocrx_word' id='word_1_46' title='bbox 1405 657 1464 699; x_wconf 88' lang='lat' dir='ltr'>di-</span> 
     </span>
     <span class='ocr_line' id='line_1_8' title="bbox 113 726 1464 788; baseline 0.001 -21"><span class='ocrx_word' id='word_1_47' title='bbox 113 740 208 788; x_wconf 86' lang='lat' dir='ltr'>cere</span> <span class='ocrx_word' id='word_1_48' title='bbox 226 727 485 776; x_wconf 76' lang='lat' dir='ltr'><strong>materialem</strong></span> <span class='ocrx_word' id='word_1_49' title='bbox 519 742 668 769; x_wconf 86' lang='lat' dir='ltr'>nume1</span> <span class='ocrx_word' id='word_1_50' title='bbox 671 743 742 768; x_wconf 89' lang='lat' dir='ltr'>um</span> <span class='ocrx_word' id='word_1_51' title='bbox 766 735 804 769; x_wconf 79' lang='lat' dir='ltr'>ti</span> <span class='ocrx_word' id='word_1_52' title='bbox 806 726 1045 775; x_wconf 78' lang='lat' dir='ltr'>ist10r1bus,</span> <span class='ocrx_word' id='word_1_53' title='bbox 1069 726 1150 784; x_wconf 83' lang='lat' dir='ltr'>hoc</span> <span class='ocrx_word' id='word_1_54' title='bbox 1176 734 1252 775; x_wconf 86' lang='lat' dir='ltr'>est,</span> <span class='ocrx_word' id='word_1_55' title='bbox 1279 727 1464 769; x_wconf 83' lang='lat' dir='ltr'>delendae</span> 
     </span>
     <span class='ocr_line' id='line_1_9' title="bbox 114 785 1464 857; baseline 0.001 -21"><span class='ocrx_word' id='word_1_56' title='bbox 114 785 316 857; x_wconf 81' lang='lat' dir='ltr'>creatuiae</span> <span class='ocrx_word' id='word_1_57' title='bbox 352 798 636 854; x_wconf 87' lang='lat' dir='ltr'>deputatum.</span> <span class='ocrx_word' id='word_1_58' title='bbox 663 797 972 841; x_wconf 77' lang='lat' dir='ltr'>hebdomadam</span> <span class='ocrx_word' id='word_1_59' title='bbox 1003 804 1143 838; x_wconf 82' lang='lat' dir='ltr'>autem</span> <span class='ocrx_word' id='word_1_60' title='bbox 1174 797 1464 850; x_wconf 71' lang='lat' dir='ltr'>constitutioni</span> 
     </span>
     <span class='ocr_line' id='line_1_10' title="bbox 112 855 1464 924; baseline 0.001 -18"><span class='ocrx_word' id='word_1_61' title='bbox 112 855 240 907; x_wconf 84' lang='lat' dir='ltr'>totius</span> <span class='ocrx_word' id='word_1_62' title='bbox 262 866 432 915; x_wconf 87' lang='lat' dir='ltr'>mundi,</span> <span class='ocrx_word' id='word_1_63' title='bbox 461 867 542 909; x_wconf 90' lang='lat' dir='ltr'>hoc</span> <span class='ocrx_word' id='word_1_64' title='bbox 564 875 651 916; x_wconf 88' lang='lat' dir='ltr'>est,</span> <span class='ocrx_word' id='word_1_65' title='bbox 673 867 912 918; x_wconf 76' lang='lat' dir='ltr'>laetimibus.</span> <span class='ocrx_word' id='word_1_66' title='bbox 943 867 1026 924; x_wconf 82' lang='lat' dir='ltr'>Sed</span> <span class='ocrx_word' id='word_1_67' title='bbox 1046 866 1221 908; x_wconf 83' lang='lat' dir='ltr'>fortasse</span> <span class='ocrx_word' id='word_1_68' title='bbox 1243 867 1353 908; x_wconf 84' lang='lat' dir='ltr'>rese1</span> <span class='ocrx_word' id='word_1_69' title='bbox 1356 875 1464 916; x_wconf 83' lang='lat' dir='ltr'>atur,</span> 
     </span>
     <span class='ocr_line' id='line_1_11' title="bbox 112 922 1465 1002; baseline 0 -26"><span class='ocrx_word' id='word_1_70' title='bbox 112 935 216 1002; x_wconf 82' lang='lat' dir='ltr'>quid</span> <span class='ocrx_word' id='word_1_71' title='bbox 238 927 352 992; x_wconf 87' lang='lat' dir='ltr'>quod</span> <span class='ocrx_word' id='word_1_72' title='bbox 373 937 500 978; x_wconf 87' lang='lat' dir='ltr'>etiam</span> <span class='ocrx_word' id='word_1_73' title='bbox 518 939 584 979; x_wconf 81' lang='lat' dir='ltr'>lex</span> <span class='ocrx_word' id='word_1_74' title='bbox 604 937 877 995; x_wconf 79' lang='lat' dir='ltr'>quadraginta</span> <span class='ocrx_word' id='word_1_75' title='bbox 895 922 1040 978; x_wconf 78' lang='lat' dir='ltr'>diebus</span> <span class='ocrx_word' id='word_1_76' title='bbox 1062 938 1144 977; x_wconf 84' lang='lat' dir='ltr'>lata</span> <span class='ocrx_word' id='word_1_77' title='bbox 1161 944 1222 977; x_wconf 89' lang='lat' dir='ltr'>est</span> <span class='ocrx_word' id='word_1_78' title='bbox 1238 935 1251 956; x_wconf 80' lang='lat'>¹</span> <span class='ocrx_word' id='word_1_79' title='bbox 1261 943 1357 984; x_wconf 87' lang='lat' dir='ltr'>,tot</span> <span class='ocrx_word' id='word_1_80' title='bbox 1380 936 1465 977; x_wconf 87' lang='lat' dir='ltr'>dies</span> 
     </span>
     <span class='ocr_line' id='line_1_12' title="bbox 113 995 1471 1063; baseline -0.002 -16"><span class='ocrx_word' id='word_1_81' title='bbox 113 995 389 1048; x_wconf 71' lang='lat' dir='ltr'>observavitl</span> <span class='ocrx_word' id='word_1_82' title='bbox 378 1006 574 1063; x_wconf 74' lang='lat' dir='ltr'>Moyses</span> <span class='ocrx_word' id='word_1_83' title='bbox 565 1022 606 1048; x_wconf 91' lang='lat' dir='ltr'>1n</span> <span class='ocrx_word' id='word_1_84' title='bbox 632 1015 776 1048; x_wconf 89' lang='lat' dir='ltr'>monte</span> <span class='ocrx_word' id='word_1_85' title='bbox 799 1006 920 1054; x_wconf 82' lang='lat' dir='ltr'>Sina,</span> <span class='ocrx_word' id='word_1_86' title='bbox 945 1013 988 1046; x_wconf 88' lang='lat' dir='ltr'>et</span> <span class='ocrx_word' id='word_1_87' title='bbox 1013 1005 1252 1047; x_wconf 82' lang='lat' dir='ltr'>demoratus</span> <span class='ocrx_word' id='word_1_88' title='bbox 1274 1012 1351 1052; x_wconf 89' lang='lat' dir='ltr'>est,</span> <span class='ocrx_word' id='word_1_89' title='bbox 1371 1019 1471 1045; x_wconf 88' lang='lat' dir='ltr'>cum</span> 
     </span>
     <span class='ocr_line' id='line_1_13' title="bbox 113 1065 1471 1152; baseline -0.001 -36"><span class='ocrx_word' id='word_1_90' title='bbox 113 1066 383 1152; x_wconf 60' lang='lat' dir='ltr'>praescripta</span> <span class='ocrx_word' id='word_1_91' title='bbox 374 1076 476 1132; x_wconf 84' lang='lat' dir='ltr'>legis</span> <span class='ocrx_word' id='word_1_92' title='bbox 494 1075 732 1138; x_wconf 75' lang='lat' dir='ltr'>acciperet?</span> <span class='ocrx_word' id='word_1_93' title='bbox 753 1065 883 1118; x_wconf 84' lang='lat' dir='ltr'>Recte</span> <span class='ocrx_word' id='word_1_94' title='bbox 904 1089 1002 1132; x_wconf 84' lang='lat' dir='ltr'>ergo</span> <span class='ocrx_word' id='word_1_95' title='bbox 1031 1076 1180 1116; x_wconf 87' lang='lat' dir='ltr'>eodem</span> <span class='ocrx_word' id='word_1_96' title='bbox 1203 1088 1380 1115; x_wconf 75' lang='lat' dir='ltr'>numelo</span> <span class='ocrx_word' id='word_1_97' title='bbox 1404 1075 1471 1115; x_wconf 87' lang='lat' dir='ltr'>de-</span> 
     </span>
     <span class='ocr_line' id='line_1_14' title="bbox 114 1130 1472 1203; baseline -0.001 -18"><span class='ocrx_word' id='word_1_98' title='bbox 114 1130 409 1203; x_wconf 82' lang='lat' dir='ltr'>elinandorum</span> <span class='ocrx_word' id='word_1_99' title='bbox 430 1153 704 1201; x_wconf 82' lang='lat' dir='ltr'>peccatorum</span> <span class='ocrx_word' id='word_1_100' title='bbox 721 1151 929 1201; x_wconf 85' lang='lat' dir='ltr'>praecepta</span> <span class='ocrx_word' id='word_1_101' title='bbox 949 1143 1218 1193; x_wconf 83' lang='lat' dir='ltr'>tribuuntur,</span> <span class='ocrx_word' id='word_1_102' title='bbox 1239 1158 1321 1199; x_wconf 89' lang='lat' dir='ltr'>quo</span> <span class='ocrx_word' id='word_1_103' title='bbox 1336 1158 1472 1202; x_wconf 78' lang='lat' dir='ltr'>poenae</span> 
     </span>
     <span class='ocr_line' id='line_1_15' title="bbox 114 1200 1472 1281; baseline -0.001 -26"><span class='ocrx_word' id='word_1_104' title='bbox 114 1200 239 1281; x_wconf 79' lang='lat' dir='ltr'>culpa</span> <span class='ocrx_word' id='word_1_105' title='bbox 261 1221 322 1255; x_wconf 89' lang='lat' dir='ltr'>est</span> <span class='ocrx_word' id='word_1_106' title='bbox 345 1215 583 1270; x_wconf 82' lang='lat' dir='ltr'>persoluta3</span> <span class='ocrx_word' id='word_1_107' title='bbox 603 1222 650 1255; x_wconf 84' lang='lat' dir='ltr'>ut</span> <span class='ocrx_word' id='word_1_108' title='bbox 672 1228 975 1275; x_wconf 79' lang='lat' dir='ltr'>cognoscamus</span> <span class='ocrx_word' id='word_1_109' title='bbox 997 1212 1112 1270; x_wconf 91' lang='lat' dir='ltr'>quod</span> <span class='ocrx_word' id='word_1_110' title='bbox 1134 1214 1186 1254; x_wconf 87' lang='lat' dir='ltr'>de</span> <span class='ocrx_word' id='word_1_111' title='bbox 1208 1215 1359 1255; x_wconf 87' lang='lat' dir='ltr'>eodem</span> <span class='ocrx_word' id='word_1_112' title='bbox 1378 1213 1472 1255; x_wconf 78' lang='lat' dir='ltr'>vitae</span> 
     </span>
     <span class='ocr_line' id='line_1_16' title="bbox 114 1272 1476 1350; baseline -0.001 -24"><span class='ocrx_word' id='word_1_113' title='bbox 114 1275 312 1350; x_wconf 85' lang='lat' dir='ltr'>tempore</span> <span class='ocrx_word' id='word_1_114' title='bbox 329 1284 482 1327; x_wconf 79' lang='lat' dir='ltr'>debeat</span> <span class='ocrx_word' id='word_1_115' title='bbox 505 1300 556 1326; x_wconf 86' lang='lat' dir='ltr'>ex</span> <span class='ocrx_word' id='word_1_116' title='bbox 576 1272 837 1327; x_wconf 79' lang='lat' dir='ltr'>correctione</span> <span class='ocrx_word' id='word_1_117' title='bbox 858 1286 948 1327; x_wconf 83' lang='lat' dir='ltr'>laus</span> <span class='ocrx_word' id='word_1_118' title='bbox 971 1284 1219 1341; x_wconf 85' lang='lat' dir='ltr'>comparari,</span> <span class='ocrx_word' id='word_1_119' title='bbox 1240 1299 1323 1340; x_wconf 91' lang='lat' dir='ltr'>quo</span> <span class='ocrx_word' id='word_1_120' title='bbox 1338 1292 1476 1341; x_wconf 79' lang='lat' dir='ltr'>potest</span> 
     </span>
     <span class='ocr_line' id='line_1_17' title="bbox 117 1341 1474 1421; baseline 0.001 -26"><span class='ocrx_word' id='word_1_121' title='bbox 117 1354 330 1421; x_wconf 79' lang='lat' dir='ltr'>punienda</span> <span class='ocrx_word' id='word_1_122' title='bbox 353 1356 476 1416; x_wconf 82' lang='lat' dir='ltr'>culpa</span> <span class='ocrx_word' id='word_1_123' title='bbox 494 1341 714 1397; x_wconf 83' lang='lat' dir='ltr'>committi.</span> <span class='ocrx_word' id='word_1_124' title='bbox 738 1356 856 1406; x_wconf 82' lang='lat' dir='ltr'>Unde</span> <span class='ocrx_word' id='word_1_125' title='bbox 872 1369 984 1396; x_wconf 90' lang='lat' dir='ltr'>nunc</span> <span class='ocrx_word' id='word_1_126' title='bbox 1005 1354 1092 1411; x_wconf 88' lang='lat' dir='ltr'>jam</span> <span class='ocrx_word' id='word_1_127' title='bbox 1109 1369 1194 1395; x_wconf 92' lang='lat' dir='ltr'>non</span> <span class='ocrx_word' id='word_1_128' title='bbox 1216 1369 1350 1411; x_wconf 81' lang='lat' dir='ltr'>poenae</span> <span class='ocrx_word' id='word_1_129' title='bbox 1372 1370 1474 1411; x_wconf 78' lang='lat' dir='ltr'>piae-</span> 
     </span>
     <span class='ocr_line' id='line_1_18' title="bbox 117 1424 1477 1503; baseline -0.001 -36"><span class='ocrx_word' id='word_1_130' title='bbox 117 1425 261 1503; x_wconf 57' lang='lat' dir='ltr'>scriPti</span> <span class='ocrx_word' id='word_1_131' title='bbox 283 1434 379 1467; x_wconf 87' lang='lat' dir='ltr'>sunt</span> <span class='ocrx_word' id='word_1_132' title='bbox 400 1426 486 1468; x_wconf 88' lang='lat' dir='ltr'>dies</span> <span class='ocrx_word' id='word_1_133' title='bbox 504 1425 796 1483; x_wconf 81' lang='lat' dir='ltr'>quadraginta,</span> <span class='ocrx_word' id='word_1_134' title='bbox 819 1427 892 1467; x_wconf 84' lang='lat' dir='ltr'>sed</span> <span class='ocrx_word' id='word_1_135' title='bbox 907 1425 1025 1472; x_wconf 65' lang='lat' dir='ltr'>xitae3</span> <span class='ocrx_word' id='word_1_136' title='bbox 1046 1432 1091 1465; x_wconf 87' lang='lat' dir='ltr'>ut</span> <span class='ocrx_word' id='word_1_137' title='bbox 1107 1424 1189 1466; x_wconf 91' lang='lat' dir='ltr'>hoc</span> <span class='ocrx_word' id='word_1_138' title='bbox 1211 1440 1389 1466; x_wconf 77' lang='lat' dir='ltr'>numeio</span> <span class='ocrx_word' id='word_1_139' title='bbox 1410 1425 1477 1481; x_wconf 89' lang='lat' dir='ltr'>je·-</span> 
     </span>
     <span class='ocr_line' id='line_1_19' title="bbox 116 1484 1482 1554; baseline 0 -19"><span class='ocrx_word' id='word_1_140' title='bbox 116 1494 242 1554; x_wconf 85' lang='lat' dir='ltr'>juniis</span> <span class='ocrx_word' id='word_1_141' title='bbox 265 1503 307 1536; x_wconf 89' lang='lat' dir='ltr'>et</span> <span class='ocrx_word' id='word_1_142' title='bbox 327 1484 593 1537; x_wconf 79' lang='lat' dir='ltr'>elationibus</span> <span class='ocrx_word' id='word_1_143' title='bbox 619 1495 904 1538; x_wconf 80' lang='lat' dir='ltr'>c1eh11011bus</span> <span class='ocrx_word' id='word_1_144' title='bbox 927 1503 1165 1537; x_wconf 80' lang='lat' dir='ltr'>nostlorum</span> <span class='ocrx_word' id='word_1_145' title='bbox 1188 1496 1371 1543; x_wconf 76' lang='lat' dir='ltr'>levemus</span> <span class='ocrx_word' id='word_1_146' title='bbox 1389 1510 1482 1549; x_wconf 88' lang='lat' dir='ltr'>sup-</span> 
     </span>
     <span class='ocr_line' id='line_1_20' title="bbox 116 1561 1477 1629; baseline 0.001 -25"><span class='ocrx_word' id='word_1_147' title='bbox 116 1563 240 1625; x_wconf 87' lang='lat' dir='ltr'>plicia</span> <span class='ocrx_word' id='word_1_148' title='bbox 264 1561 564 1629; x_wconf 72' lang='lat' dir='ltr'>peccatorum,</span> <span class='ocrx_word' id='word_1_149' title='bbox 594 1574 718 1622; x_wconf 79' lang='lat' dir='ltr'>atque</span> <span class='ocrx_word' id='word_1_150' title='bbox 741 1565 792 1606; x_wconf 88' lang='lat' dir='ltr'>ad</span> <span class='ocrx_word' id='word_1_151' title='bbox 819 1565 1060 1623; x_wconf 78' lang='lat' dir='ltr'>plaescripta</span> <span class='ocrx_word' id='word_1_152' title='bbox 1082 1564 1182 1621; x_wconf 84' lang='lat' dir='ltr'>legis</span> <span class='ocrx_word' id='word_1_153' title='bbox 1206 1565 1381 1613; x_wconf 88' lang='lat' dir='ltr'>intenti,</span> <span class='ocrx_word' id='word_1_154' title='bbox 1407 1566 1477 1606; x_wconf 90' lang='lat' dir='ltr'>de-</span> 
     </span>
     <span class='ocr_line' id='line_1_21' title="bbox 116 1632 1479 1695; baseline 0.001 -21"><span class='ocrx_word' id='word_1_155' title='bbox 116 1633 285 1675; x_wconf 88' lang='lat' dir='ltr'>votione</span> <span class='ocrx_word' id='word_1_156' title='bbox 308 1649 353 1676; x_wconf 80' lang='lat' dir='ltr'>ac</span> <span class='ocrx_word' id='word_1_157' title='bbox 376 1632 459 1695; x_wconf 89' lang='lat' dir='ltr'>fide</span> <span class='ocrx_word' id='word_1_158' title='bbox 481 1643 674 1676; x_wconf 85' lang='lat' dir='ltr'>nostrum</span> <span class='ocrx_word' id='word_1_159' title='bbox 706 1635 964 1692; x_wconf 82' lang='lat' dir='ltr'>corrigamus</span> <span class='ocrx_word' id='word_1_160' title='bbox 992 1650 1192 1676; x_wconf 88' lang='lat' dir='ltr'>error.em</span> <span class='ocrx_word' id='word_1_161' title='bbox 1227 1636 1373 1690; x_wconf 83' lang='lat' dir='ltr'>Itaque</span> <span class='ocrx_word' id='word_1_162' title='bbox 1402 1651 1479 1691; x_wconf 74' lang='lat' dir='ltr'>pei</span> 
     </span>
     <span class='ocr_line' id='line_1_22' title="bbox 117 1690 1480 1761; baseline 0.001 -18"><span class='ocrx_word' id='word_1_163' title='bbox 117 1702 287 1744; x_wconf 88' lang='lat' dir='ltr'>Domini</span> <span class='ocrx_word' id='word_1_164' title='bbox 318 1690 671 1748; x_wconf 80' lang='lat' dir='ltr'>resurrectionem</span> <span class='ocrx_word' id='word_1_165' title='bbox 701 1705 1043 1761; x_wconf 82' lang='lat' dir='ltr'>quadragesimus</span> <span class='ocrx_word' id='word_1_166' title='bbox 1070 1704 1189 1745; x_wconf 89' lang='lat' dir='ltr'>dies</span> <span class='ocrx_word' id='word_1_167' title='bbox 1177 1719 1263 1760; x_wconf 76' lang='lat' dir='ltr'>jam</span> <span class='ocrx_word' id='word_1_168' title='bbox 1296 1719 1381 1746; x_wconf 89' lang='lat' dir='ltr'>non</span> <span class='ocrx_word' id='word_1_169' title='bbox 1402 1704 1480 1745; x_wconf 82' lang='lat' dir='ltr'>ha-</span> 
     </span>
     <span class='ocr_line' id='line_1_23' title="bbox 118 1773 1480 1831; baseline 0 -17"><span class='ocrx_word' id='word_1_170' title='bbox 118 1773 246 1831; x_wconf 84' lang='lat' dir='ltr'>betur</span> <span class='ocrx_word' id='word_1_171' title='bbox 262 1773 532 1823; x_wconf 84' lang='lat' dir='ltr'>novissimus,</span> <span class='ocrx_word' id='word_1_172' title='bbox 556 1776 628 1816; x_wconf 90' lang='lat' dir='ltr'>sed</span> <span class='ocrx_word' id='word_1_173' title='bbox 652 1775 838 1831; x_wconf 87' lang='lat' dir='ltr'>primus;</span> <span class='ocrx_word' id='word_1_174' title='bbox 860 1783 984 1831; x_wconf 89' lang='lat' dir='ltr'>atque</span> <span class='ocrx_word' id='word_1_175' title='bbox 1001 1773 1096 1816; x_wconf 87' lang='lat' dir='ltr'>inde</span> <span class='ocrx_word' id='word_1_176' title='bbox 1113 1774 1196 1816; x_wconf 68' lang='lat' dir='ltr'>xita</span> <span class='ocrx_word' id='word_1_177' title='bbox 1218 1782 1480 1822; x_wconf 84' lang='lat' dir='ltr'>numeratur,</span> 
     </span>
     <span class='ocr_line' id='line_1_24' title="bbox 120 1843 1484 1885; baseline 0 -1"><span class='ocrx_word' id='word_1_178' title='bbox 120 1843 199 1884; x_wconf 67' lang='lat' dir='ltr'>ubi</span> <span class='ocrx_word' id='word_1_179' title='bbox 231 1851 329 1884; x_wconf 81' lang='lat' dir='ltr'>ante</span> <span class='ocrx_word' id='word_1_180' title='bbox 360 1844 507 1885; x_wconf 84' lang='lat' dir='ltr'>mortis</span> <span class='ocrx_word' id='word_1_181' title='bbox 530 1859 729 1885; x_wconf 81' lang='lat' dir='ltr'>numerus</span> <span class='ocrx_word' id='word_1_182' title='bbox 763 1845 814 1885; x_wconf 83' lang='lat' dir='ltr'>ad</span> <span class='ocrx_word' id='word_1_183' title='bbox 835 1843 1241 1885; x_wconf 80' lang='lat' dir='ltr'>consummationem</span> <span class='ocrx_word' id='word_1_184' title='bbox 1266 1843 1414 1885; x_wconf 86' lang='lat' dir='ltr'>mundi</span> <span class='ocrx_word' id='word_1_185' title='bbox 1441 1851 1484 1884; x_wconf 87' lang='lat' dir='ltr'>et</span> 
     </span>
     <span class='ocr_line' id='line_1_25' title="bbox 120 1913 1327 1971; baseline -0.001 -17"><span class='ocrx_word' id='word_1_186' title='bbox 120 1913 334 1971; x_wconf 64' lang='lat' dir='ltr'>humaniD</span> <span class='ocrx_word' id='word_1_187' title='bbox 312 1928 439 1955; x_wconf 58' lang='lat' dir='ltr'>trenel</span> <span class='ocrx_word' id='word_1_188' title='bbox 442 1929 474 1955; x_wconf 91' lang='lat' dir='ltr'>1s</span> <span class='ocrx_word' id='word_1_189' title='bbox 492 1913 706 1955; x_wconf 84' lang='lat' dir='ltr'>excidium</span> <span class='ocrx_word' id='word_1_190' title='bbox 724 1914 1062 1970; x_wconf 86' lang='lat' dir='ltr'>computabatur.</span> <span class='ocrx_word' id='word_1_191' title='bbox 1324 1918 1327 1921; x_wconf 82' lang='grc'><strong>’</strong></span> 
     </span>
    </p>

    <p class='ocr_par' dir='ltr' id='par_1_4' title="bbox 122 1975 1494 2533">
     <span class='ocr_line' id='line_1_26' title="bbox 178 1975 1486 2039; baseline -0.001 -15"><span class='ocrx_word' id='word_1_192' title='bbox 178 1981 318 2035; x_wconf 48' lang='lat' dir='ltr'>XLV}</span> <span class='ocrx_word' id='word_1_193' title='bbox 339 2000 354 2020; x_wconf 88' lang='lat'>«</span> <span class='ocrx_word' id='word_1_194' title='bbox 379 1983 432 2024; x_wconf 83' lang='lat' dir='ltr'>Et</span> <span class='ocrx_word' id='word_1_195' title='bbox 461 1984 632 2031; x_wconf 87' lang='lat' dir='ltr'>delebo,</span> <span class='ocrx_word' id='word_1_196' title='bbox 658 1975 794 2039; x_wconf 87' lang='lat' dir='ltr'>inquit</span> <span class='ocrx_word' id='word_1_197' title='bbox 816 1982 1044 2030; x_wconf 81' lang='lat' dir='ltr'>Dominus,</span> <span class='ocrx_word' id='word_1_198' title='bbox 1069 1997 1243 2024; x_wconf 88' lang='lat' dir='ltr'>omnem</span> <span class='ocrx_word' id='word_1_199' title='bbox 1266 1998 1486 2024; x_wconf 82' lang='lat' dir='ltr'>resurrec-</span> 
     </span>
     <span class='ocr_line' id='line_1_27' title="bbox 122 2051 1487 2109; baseline 0 -18"><span class='ocrx_word' id='word_1_200' title='bbox 122 2051 314 2093; x_wconf 83' lang='lat' dir='ltr'>»tionem</span> <span class='ocrx_word' id='word_1_201' title='bbox 330 2053 466 2094; x_wconf 86' lang='lat' dir='ltr'>carnis</span> <span class='ocrx_word' id='word_1_202' title='bbox 490 2068 512 2094; x_wconf 86' lang='lat' dir='ltr'>a</span> <span class='ocrx_word' id='word_1_203' title='bbox 533 2053 640 2094; x_wconf 82' lang='lat' dir='ltr'>facie</span> <span class='ocrx_word' id='word_1_204' title='bbox 662 2052 808 2094; x_wconf 72' lang='lat' dir='ltr'>terrae1</span> <span class='ocrx_word' id='word_1_205' title='bbox 817 2085 826 2094; x_wconf 92' lang='lat'><em>.</em></span> <span class='ocrx_word' id='word_1_206' title='bbox 849 2071 865 2091; x_wconf 92' lang='lat'>»</span> <span class='ocrx_word' id='word_1_207' title='bbox 895 2052 931 2094; x_wconf 90' lang='lat' dir='ltr'><em>O</em></span> <span class='ocrx_word' id='word_1_208' title='bbox 954 2053 1190 2093; x_wconf 85' lang='lat' dir='ltr'>coelestium</span> <span class='ocrx_word' id='word_1_209' title='bbox 1212 2052 1487 2109; x_wconf 82' lang='lat' dir='ltr'>pulchritudo</span> 
     </span>
     <span class='ocr_line' id='line_1_28' title="bbox 122 2111 1490 2189; baseline 0.001 -26"><span class='ocrx_word' id='word_1_210' title='bbox 122 2111 376 2189; x_wconf 81' lang='lat' dir='ltr'>verborum,</span> <span class='ocrx_word' id='word_1_211' title='bbox 409 2123 441 2164; x_wconf 91' lang='lat' dir='ltr'>si</span> <span class='ocrx_word' id='word_1_212' title='bbox 465 2123 556 2179; x_wconf 88' lang='lat' dir='ltr'>quis</span> <span class='ocrx_word' id='word_1_213' title='bbox 580 2139 623 2164; x_wconf 89' lang='lat' dir='ltr'>se</span> <span class='ocrx_word' id='word_1_214' title='bbox 649 2139 671 2164; x_wconf 89' lang='lat' dir='ltr'>a</span> <span class='ocrx_word' id='word_1_215' title='bbox 691 2125 846 2166; x_wconf 86' lang='lat' dir='ltr'>decoro</span> <span class='ocrx_word' id='word_1_216' title='bbox 873 2122 1091 2163; x_wconf 84' lang='lat' dir='ltr'>intellectu</span> <span class='ocrx_word' id='word_1_217' title='bbox 1118 2122 1195 2179; x_wconf 85' lang='lat' dir='ltr'>piae</span> <span class='ocrx_word' id='word_1_218' title='bbox 1216 2122 1369 2164; x_wconf 88' lang='lat' dir='ltr'>mentis</span> <span class='ocrx_word' id='word_1_219' title='bbox 1390 2138 1490 2164; x_wconf 80' lang='lat' dir='ltr'>exa-</span> 
     </span>
     <span class='ocr_line' id='line_1_29' title="bbox 123 2190 1492 2250; baseline 0.001 -19"><span class='ocrx_word' id='word_1_220' title='bbox 123 2190 280 2238; x_wconf 70' lang='lat' dir='ltr'>minet!</span> <span class='ocrx_word' id='word_1_221' title='bbox 313 2192 558 2250; x_wconf 78' lang='lat' dir='ltr'>Indignatur</span> <span class='ocrx_word' id='word_1_222' title='bbox 584 2193 696 2235; x_wconf 83' lang='lat' dir='ltr'>Deus</span> <span class='ocrx_word' id='word_1_223' title='bbox 735 2192 919 2249; x_wconf 87' lang='lat' dir='ltr'>peccatis</span> <span class='ocrx_word' id='word_1_224' title='bbox 948 2192 1122 2241; x_wconf 64' lang='lat' dir='ltr'>nemis,</span> <span class='ocrx_word' id='word_1_225' title='bbox 1161 2194 1233 2233; x_wconf 88' lang='lat' dir='ltr'>sed</span> <span class='ocrx_word' id='word_1_226' title='bbox 1266 2207 1350 2233; x_wconf 89' lang='lat' dir='ltr'>non</span> <span class='ocrx_word' id='word_1_227' title='bbox 1382 2191 1492 2233; x_wconf 84' lang='lat' dir='ltr'>obli-</span> 
     </span>
     <span class='ocr_line' id='line_1_30' title="bbox 123 2250 1494 2320; baseline 0.001 -19"><span class='ocrx_word' id='word_1_228' title='bbox 123 2250 296 2302; x_wconf 84' lang='lat' dir='ltr'>viscitur</span> <span class='ocrx_word' id='word_1_229' title='bbox 327 2262 508 2319; x_wconf 84' lang='lat' dir='ltr'>pietatis.</span> <span class='ocrx_word' id='word_1_230' title='bbox 543 2262 725 2304; x_wconf 83' lang='lat' dir='ltr'>Minatur</span> <span class='ocrx_word' id='word_1_231' title='bbox 757 2262 1040 2320; x_wconf 75' lang='lat' dir='ltr'>supplicium,</span> <span class='ocrx_word' id='word_1_232' title='bbox 1069 2264 1142 2304; x_wconf 84' lang='lat' dir='ltr'>sed</span> <span class='ocrx_word' id='word_1_233' title='bbox 1170 2278 1254 2303; x_wconf 87' lang='lat' dir='ltr'>non</span> <span class='ocrx_word' id='word_1_234' title='bbox 1287 2262 1494 2318; x_wconf 80' lang='lat' dir='ltr'>pelmittit</span> 
     </span>
     <span class='ocr_line' id='line_1_31' title="bbox 126 2331 1493 2382; baseline 0 -10"><span class='ocrx_word' id='word_1_235' title='bbox 126 2331 352 2372; x_wconf 85' lang='lat' dir='ltr'>excidium.</span> <span class='ocrx_word' id='word_1_236' title='bbox 374 2332 619 2374; x_wconf 87' lang='lat' dir='ltr'>Moderatur</span> <span class='ocrx_word' id='word_1_237' title='bbox 641 2333 897 2382; x_wconf 81' lang='lat' dir='ltr'>vindictam,</span> <span class='ocrx_word' id='word_1_238' title='bbox 918 2341 1086 2374; x_wconf 71' lang='lat' dir='ltr'>remeat</span> <span class='ocrx_word' id='word_1_239' title='bbox 1105 2348 1174 2374; x_wconf 66' lang='lat' dir='ltr'>sex</span> <span class='ocrx_word' id='word_1_240' title='bbox 1177 2333 1384 2374; x_wconf 79' lang='lat' dir='ltr'>critatem.</span> <span class='ocrx_word' id='word_1_241' title='bbox 1407 2332 1493 2373; x_wconf 88' lang='lat' dir='ltr'>De-</span> 
     </span>
     <span class='ocr_line' id='line_1_32' title="bbox 125 2390 1494 2455; baseline -0.001 -13"><span class='ocrx_word' id='word_1_242' title='bbox 125 2390 309 2455; x_wconf 79' lang='lat' dir='ltr'>leturum</span> <span class='ocrx_word' id='word_1_243' title='bbox 331 2418 374 2444; x_wconf 89' lang='lat' dir='ltr'>se</span> <span class='ocrx_word' id='word_1_244' title='bbox 400 2403 504 2445; x_wconf 88' lang='lat' dir='ltr'>dicit</span> <span class='ocrx_word' id='word_1_245' title='bbox 526 2418 699 2450; x_wconf 84' lang='lat' dir='ltr'>omnem</span> <span class='ocrx_word' id='word_1_246' title='bbox 723 2418 895 2445; x_wconf 84' lang='lat' dir='ltr'>carnem</span> <span class='ocrx_word' id='word_1_247' title='bbox 916 2418 1001 2444; x_wconf 91' lang='lat' dir='ltr'>non</span> <span class='ocrx_word' id='word_1_248' title='bbox 1030 2419 1052 2445; x_wconf 89' lang='lat' dir='ltr'>a</span> <span class='ocrx_word' id='word_1_249' title='bbox 1076 2411 1189 2444; x_wconf 81' lang='lat' dir='ltr'>terra</span> <span class='ocrx_word' id='word_1_250' title='bbox 1204 2435 1214 2451; x_wconf 92' lang='lat'>,</span> <span class='ocrx_word' id='word_1_251' title='bbox 1246 2403 1318 2443; x_wconf 91' lang='lat' dir='ltr'>sed</span> <span class='ocrx_word' id='word_1_252' title='bbox 1339 2417 1360 2442; x_wconf 85' lang='lat' dir='ltr'>a</span> <span class='ocrx_word' id='word_1_253' title='bbox 1387 2400 1494 2442; x_wconf 82' lang='lat' dir='ltr'>facie</span> 
     </span>
     <span class='ocr_line' id='line_1_33' title="bbox 126 2471 1491 2533; baseline -0.001 -21"><span class='ocrx_word' id='word_1_254' title='bbox 126 2478 260 2533; x_wconf 83' lang='lat' dir='ltr'>terrae.</span> <span class='ocrx_word' id='word_1_255' title='bbox 292 2472 461 2515; x_wconf 88' lang='lat' dir='ltr'>Florem</span> <span class='ocrx_word' id='word_1_256' title='bbox 488 2474 672 2532; x_wconf 79' lang='lat' dir='ltr'>decutit,</span> <span class='ocrx_word' id='word_1_257' title='bbox 710 2474 900 2516; x_wconf 85' lang='lat' dir='ltr'>radicem</span> <span class='ocrx_word' id='word_1_258' title='bbox 925 2481 1063 2516; x_wconf 82' lang='lat' dir='ltr'>servat</span> <span class='ocrx_word' id='word_1_259' title='bbox 1091 2488 1100 2514; x_wconf 75' lang='grc' dir='ltr'>ε</span> <span class='ocrx_word' id='word_1_260' title='bbox 1128 2472 1226 2515; x_wconf 85' lang='lat' dir='ltr'>sinit</span> <span class='ocrx_word' id='word_1_261' title='bbox 1258 2480 1304 2515; x_wconf 91' lang='lat' dir='ltr'>ut</span> <span class='ocrx_word' id='word_1_262' title='bbox 1326 2471 1369 2533; x_wconf 71' lang='lat' dir='ltr'>in</span> <span class='ocrx_word' id='word_1_263' title='bbox 1390 2485 1491 2528; x_wconf 82' lang='lat' dir='ltr'>pro-</span> 
     </span>
    </p>
   </div>
   <div class='ocr_carea' id='block_1_3' title="bbox 175 2555 801 2606">
    <p class='ocr_par' dir='ltr' id='par_1_5' title="bbox 175 2555 801 2606">
     <span class='ocr_line' id='line_1_34' title="bbox 175 2555 801 2606; baseline 0.005 -11"><span class='ocrx_word' id='word_1_264' title='bbox 175 2572 183 2585; x_wconf 83' lang='lat'>¹</span> <span class='ocrx_word' id='word_1_265' title='bbox 202 2562 307 2596; x_wconf 81' lang='lat' dir='ltr'>Exod.</span> <span class='ocrx_word' id='word_1_266' title='bbox 330 2575 417 2602; x_wconf 72' lang='lat' dir='ltr'>xxiv,</span> <span class='ocrx_word' id='word_1_267' title='bbox 440 2564 490 2599; x_wconf 89' lang='grc' dir='ltr'>ι8.</span> <span class='ocrx_word' id='word_1_268' title='bbox 506 2584 546 2590; x_wconf 89' lang='grc'><strong>-</strong></span> <span class='ocrx_word' id='word_1_269' title='bbox 564 2575 577 2591; x_wconf 82' lang='lat'>²</span> <span class='ocrx_word' id='word_1_270' title='bbox 597 2566 678 2598; x_wconf 88' lang='lat' dir='ltr'>Gen.</span> <span class='ocrx_word' id='word_1_271' title='bbox 701 2555 749 2604; x_wconf 55' lang='grc' dir='ltr'><strong>ΓΞ,</strong></span> <span class='ocrx_word' id='word_1_272' title='bbox 770 2576 801 2606; x_wconf 84' lang='lat'>7.</span> 
     </span>
    </p>
   </div>
  </div>
 </body>
</html>
