1747 3260
326 288 384 338 84
874 303 903 328 s·
944 304 1131 330 ,minnosu

323 380 492 437 palude,
513 379 583 420 ubi
602 378 716 435 quasi
743 393 850 419 ranae
867 388 1051 421 veterem
1075 383 1287 437 querelam
1312 383 1543 432 canebant,
1573 399 1677 427 con-

323 458 490 507 gregata
515 458 576 491 est
593 448 712 498 fides,
740 458 989 507 congregata
1011 459 1073 492 est
1090 452 1247 508 puritas
1270 452 1415 501 animi,
1440 455 1674 512 mentisque

324 520 580 577 simplicitas.

380 590 427 633 V.
452 591 711 647 Congrcgata
729 598 791 631 est
814 605 918 646 aqua
935 606 985 632 ex
1002 592 1114 632 omni
1133 593 1227 634 lacu
1241 624 1252 640 ,
1272 600 1313 633 et
1336 608 1385 634 ex
1405 594 1518 634 omni
1540 594 1672 644 fovea,

319 670 367 703 ut
390 676 513 702 nemo
537 661 666 702 fodiat
691 661 852 702 foveam
875 661 992 701 fratri
1018 676 1115 710 suo,
1146 662 1185 702 in
1209 677 1333 717 quam
1365 662 1451 719 ipse
1480 663 1635 705 incidat
1660 679 1671 706 :

319 733 392 773 sed
415 747 559 773 omnes
584 731 821 772 seinvicem
840 730 1026 787 diligant,
1046 746 1189 772 omnes
1214 747 1256 772 se
1281 732 1456 773 invicem
1482 733 1673 782 foveant,

317 810 359 843 et
375 802 490 857 quasi
509 817 639 842 unum
662 816 814 858 eorpus
838 801 996 842 diversa
1015 817 1057 842 se
1076 802 1264 842 membra
1285 810 1518 844 sustentent
1538 818 1546 844 :
1570 818 1676 859 quos>

316 887 402 913 non
424 871 630 913 mortiferi
654 879 817 918 cantus,
838 879 879 912 et
895 880 1131 912 acroamata
1156 872 1419 913 scenicorum
1444 889 1534 929 queo
1553 888 1674 914 mcu—

313 950 399 985 tem
416 942 632 983 emolliant
651 941 701 982 ad
725 955 902 988 amores,
926 942 999 981 sed
1023 948 1250 981 concentus
1272 941 1488 990 Ecclesiae,
1513 950 1554 983 et
1577 957 1675 983 con-

314 1028 413 1054 sona
438 1012 548 1054 circa
569 1011 645 1052 Dei
673 1012 817 1052 laudes
834 1010 978 1067 populi
1003 1025 1080 1051 vox
1097 1018 1138 1051 ct
1159 1010 1225 1067 pia
1243 1010 1323 1052 vita
1344 1011 1523 1053 delectet
1548 1027 1557 1052 :
1580 1012 1675 1068 qui-

313 1083 392 1124 bus
414 1097 499 1123 non
524 1096 733 1139 purpurea
756 1080 1093 1137 peripetasmata,
1113 1094 1197 1120 non
1215 1081 1342 1120 aulaea
1361 1080 1540 1137 pretiosa
1559 1096 1674 1141 speq-

314 1160 403 1194 tare
437 1151 639 1208 voluptati
669 1151 742 1199 sit,
775 1151 847 1191 sed
880 1150 986 1190 hane
1011 1149 1339 1206 pulcherrimam
1372 1151 1517 1191 mundi
1544 1151 1673 1192 sabri-

312 1236 423 1269 eam,
436 1221 545 1262 hanc
556 1220 797 1263 (listantitini
810 1219 917 1261 inter
928 1235 970 1260 se
979 1221 1281 1261 elementorum
1294 1221 1503 1277 copulam,
1518 1221 1674 1262 coelum

307 1291 416 1332 sicut
443 1305 654 1331 cameram
675 1298 893 1331 extensum
912 1321 922 1337 ,
952 1297 998 1330 ut
1033 1289 1316 1330 inhabitantes
1343 1289 1384 1330 in
1412 1290 1493 1331 hoc
1512 1292 1671 1332 mundo

306 1368 444 1417 tegat,
474 1368 631 1401 terram
664 1361 715 1400 ad
750 1355 1011 1416 operandum
1046 1359 1213 1407 datam,
1262 1359 1461 1400 diffusum
1498 1363 1667 1409 aerem,

309 1433 449 1473 clausa
467 1430 596 1472 maria
613 1463 623 1479 ,
650 1428 984 1487 populumhunc
1004 1428 1152 1470 divinae
1175 1429 1429 1486 operationis
1448 1444 1670 1487 organum,

309 1501 352 1543 in
377 1516 459 1557 quo
485 1499 612 1541 divini
633 1501 903 1541 modulamen
927 1499 1101 1540 resultet
1123 1498 1303 1547 oraculi,
1328 1506 1369 1540 ot
1391 1499 1468 1541 Dei
1490 1499 1668 1557 Spiritus

310 1572 421 1614 intus
445 1578 659 1628 operetur,
686 1571 889 1627 templum
913 1568 1024 1610 istud
1045 1568 1274 1610 sacrarium
1296 1568 1528 1618 Trinitatis,
1554 1585 1669 1612 sanc-

308 1641 437 1683 titatis
459 1640 742 1687 domicilium,
780 1639 1010 1681 Ecclesiam
1041 1646 1228 1679 sanctam
1245 1671 1255 1687 ,
1293 1638 1333 1679 in
1357 1654 1438 1695 qua
1461 1639 1671 1699 refulgent
1730 1677 1732 1698 5

311 1712 441 1753 aulaea
463 1710 646 1752 coelestia
664 1742 675 1759 ,
704 1711 755 1751 de
777 1709 928 1766 quibus
957 1708 1118 1750 dictum
1140 1717 1202 1750 est
1228 1724 1236 1749 :
1254 1727 1269 1747 «
1291 1709 1427 1751 Dilata
1448 1711 1588 1752 locum
1606 1719 1670 1753 ta-
1729 1717 1731 1754 ἶ

308 1780 666 1822 »hernaculorum
699 1787 894 1828 tuorum,
930 1786 973 1820 et
996 1780 1223 1821 aulaeorum
1255 1786 1426 1821 tuorum
1453 1795 1461 1821 ε
1489 1779 1591 1838 fige,
1616 1796 1670 1824 ne

308 1866 485 1908 »parcas
515 1866 524 1892 :
554 1850 763 1908 longiores
786 1849 851 1891 sac
874 1848 1083 1891 funiculos
1111 1857 1226 1898 tuos,
1255 1857 1296 1892 et
1315 1851 1432 1907 palos
1455 1858 1547 1892 tuos
1565 1865 1669 1892 con-
1726 1897 1727 1902 ¹

308 1938 325 1961 n
339 1919 460 1962 firma
481 1935 490 1962 ε
513 1921 653 1963 adhuc
672 1921 713 1962 in
731 1922 945 1962 dexteram
966 1927 1006 1961 et
1023 1919 1232 1961 sinistram
1250 1921 1443 1969 extende,
1467 1929 1508 1963 et
1524 1935 1669 1964 semen
1724 1921 1727 1975 J
1745 1916 1747 1919 Α

307 2009 323 2031 »
340 1999 457 2033 tuum
475 1999 617 2048 gentes
646 1990 890 2033 haereditate
922 1989 1175 2048 possidebit,
1200 1998 1241 2031 et
1268 1990 1454 2032 civitates
1484 1993 1667 2035 desertas
1722 1995 1725 2025 ἶ

306 2061 589 2103 »inhabitabit
611 2060 640 2103 ¹.
673 2061 838 2103 »Habet
869 2075 967 2118 crgo
996 2061 1148 2109 aulaea,
1176 2060 1327 2116 quibus
1360 2060 1510 2104 attollit
1538 2062 1666 2104 vitam

307 2132 481 2180 bonam,
505 2139 679 2189 peccata
702 2131 820 2189 tegit,
841 2132 1009 2188 culpam
1030 2131 1269 2173 obumbrat.
1718 2123 1721 2137 ¹

360 2202 428 2246 VI.
464 2203 562 2244 Haec
584 2211 646 2245 est
666 2201 871 2251 Ecclesia,
897 2217 988 2258 quae
1010 2216 1134 2258 super
1156 2201 1286 2243 maria
1314 2201 1486 2243 fundata
1514 2209 1600 2252 est,
1621 2210 1666 2251 et

304 2289 432 2331 super
447 2272 620 2315 ssumina
639 2280 883 2331 praeparata.
906 2271 1041 2329 Supra
1057 2287 1128 2313 vos
1147 2271 1259 2313 enim
1277 2270 1522 2314 confirmata
1537 2281 1599 2315 est
1621 2281 1665 2315 et
1716 2293 1717 2322 5

302 2352 559 2403 praeparata,
590 2343 661 2400 qui
690 2342 800 2385 sicut
832 2342 1005 2385 ssumina
1041 2356 1147 2399 puro
1178 2341 1220 2382 in
1247 2357 1340 2384 eam
1368 2342 1516 2383 mundi
1547 2342 1663 2385 fonte

303 2414 542 2463 decurritis,
567 2415 619 2455 de
642 2413 794 2471 quibus
821 2413 981 2454 dictum
1011 2420 1072 2453 est
1096 2426 1139 2453 z«
1160 2411 1439 2454 Elevaverunt
1459 2411 1660 2461 flumina,
1710 2446 1714 2470 3,

302 2503 318 2525 n
330 2485 526 2532 Domine,
540 2485 808 2526 elevaverunt
820 2482 995 2525 flumina
1006 2497 1154 2525 vocem
1168 2497 1285 2524 suam
1299 2498 1320 2525 a
1336 2497 1438 2525 voce
1457 2496 1661 2539 aquarum

301 2572 318 2595 x>
331 2555 561 2598 multarum
578 2553 591 2575 ²
615 2569 660 2609 ²2>
674 2561 716 2596 et
736 2553 898 2596 addidit
917 2568 926 2594 ε
944 2570 960 2591 α
979 2550 1401 2611 ΜίηὼίΙθε-οΙειῑίοῐιοε
1423 2551 1565 2602 maris,
1579 2551 1662 2595 mi-
1708 2546 1711 2570 ‘³

347 2654 358 2669 ¹
379 2644 456 2678 Isa'i.
474 2653 539 2684 nv,
558 2655 587 2686 2,
602 2643 635 2678 5.
649 2662 690 2669 -
708 2654 719 2670 ⁸
741 2644 824 2678 Psal.
840 2654 919 2682 xcn,
937 2643 968 2684 3,
988 2642 1022 2683 4.
