1742 3233
321 230 408 280 486
871 249 900 275 s.
940 249 1127 277 AMBROSII

315 321 499 364 maxime
514 337 617 380 opus
635 331 697 365 est
713 323 859 366 dix-infe
876 326 1028 375 ,auxilio
1046 327 1316 384 providentiae
1330 329 1495 384 quando
1510 329 1671 385 agmina

316 392 498 434 nubium
520 394 561 434 in
578 395 781 450 procellas
804 403 1153 454 tempestateeque
1173 406 1391 453 coguntur.
1416 398 1598 455 Ideoque
1615 399 1673 441 di-

315 461 394 502 cit:
424 480 439 500 «
452 461 611 505 Areum
628 479 770 505 meum
783 481 936 522 ponam
953 467 994 507 in
1007 468 1118 508 nube
1132 500 1143 515 ,
1162 486 1176 505 »
1196 483 1281 508 non
1299 468 1488 524 sagittam
1499 484 1666 525 ponam.

316 528 452 582 Arcus
479 533 593 574 enim
624 533 951 577 instrumentum
977 536 1214 592 jaculanda}
1242 538 1398 594 sagiltae
1426 546 1500 579 est.
1529 539 1674 595 Itaque

314 614 403 643 non
428 601 516 660 ipse
541 619 661 646 arcus
683 607 897 654 vulnerat,
929 609 1001 649 sed
1023 608 1181 664 sagitta.
1211 608 1264 650 Et
1286 609 1380 650 ideo
1400 609 1606 651 Dominus
1632 609 1675 651 in

314 671 431 713 nube
449 687 592 715 areum
620 674 749 730 magis
767 690 892 730 quam
914 676 1106 733 sagittam
1129 679 1268 735 ponit,
1295 678 1337 719 id
1360 687 1442 727 est,
1471 693 1556 720 non
1573 679 1676 720 illud

316 745 433 798 quod
447 744 662 792 vulneret3
681 746 753 785 sed
771 747 883 801 quod
898 746 1050 789 habeat
1069 749 1239 791 terroris
1254 749 1474 797 indicium,
1492 749 1676 792 vulneris

315 810 516 854 effectum
538 813 694 855 habere
716 829 800 856 non
825 817 967 859 soleat.

313 968 622 982 mmmmtss
628 971 932 984 tumnmmxxx
939 974 1068 985 »zm-sus-
1078 975 1110 985 uu
1121 976 1175 985 vus
1181 975 1483 986 mmm-nsusus-§s
1490 976 1671 987 uswssu

793 1087 970 1130 CAPL‘T
1002 1087 1201 1131 XXVIII.

312 1233 603 1278 Enumeratis
627 1235 768 1278 tribas
791 1235 880 1279 Noe
896 1236 1033 1293 filiis,
1061 1237 1388 1295 generationem
1414 1237 1558 1280 Clzam
1577 1238 1672 1280 ideo

366 1306 496 1362 prius
513 1321 597 1347 esse
610 1316 922 1356 memoratam,
942 1309 1096 1363 atejus
1110 1318 1338 1364 peccalum
1352 1307 1670 1365 amplificetur,

371 1385 411 1417 et
438 1391 493 1417 eze
523 1375 671 1418 eodem
696 1377 892 1433 profecta
917 1377 1063 1435 impia„
1077 1378 1300 1435 generacio
1327 1377 1671 1420 demonstretur:

373 1445 489 1501 quod
515 1446 746 1488 moraliter
776 1446 828 1488 de
857 1447 979 1489 mala
996 1449 1199 1505 passione
1227 1448 1437 1505 improbae
1455 1449 1672 1505 passionis

370 1516 585 1574 genitrice
603 1516 954 1575 intelligendum.

373 1652 455 1696 CV.
493 1653 587 1706 QUA
606 1654 769 1696 ratione
788 1663 928 1696 autem
951 1670 1050 1697 eum
1073 1670 1196 1712 supra
1214 1664 1296 1697 tres
1319 1654 1425 1697 filios
1447 1654 1535 1698 Noe'
1553 1670 1673 1697 com-

312 1724 548 1781 putaverit,
586 1743 601 1763 α
633 1724 759 1773 Sem,
790 1724 948 1773 Cham,
981 1725 1168 1782 Japheth
1191 1724 1232 1774 ¹,
1263 1744 1278 1763 »
1319 1725 1400 1767 hoc
1426 1726 1520 1767 loco
1551 1726 1672 1768 unius

314 1793 685 1850 comprehenderit
697 1794 826 1835 medii
843 1793 917 1836 filii
929 1794 1271 1852 generationem?
1288 1795 1377 1836 Hoc
1391 1803 1453 1836 est
1465 1796 1578 1851 quod
1591 1795 1668 1837 ait:

325 1880 340 1901 α
371 1863 506 1905 Cham
539 1872 678 1905 autem
709 1872 830 1921 pater
859 1873 948 1906 erat
981 1864 1206 1906 Chanaan:
1241 1864 1307 1906 isti
1337 1872 1420 1906 tre-s
1451 1873 1571 1906 erant
1599 1863 1674 1906 filii

314 1952 332 1974 »
344 1933 433 1976 Noe'
449 1932 478 1975 ².
498 1933 578 1975 »Et
594 1934 775 1975 maxime
790 1949 888 1976 cum
906 1934 964 1975 illi
980 1934 1189 1990 duojusti,
1209 1934 1285 1976 iste
1300 1934 1462 1976 medius
1475 1933 1666 1991 injustus.

313 2002 465 2059 Injusti
487 2005 585 2059 engo
609 2003 725 2059 prius
747 2004 984 2060 generatio,
1011 2019 1136 2060 quam
1158 2003 1367 2060 justorum
1392 2004 1673 2061 comprehen-

315 2072 441 2115 ditur.
471 2072 616 2129 Neque
639 2073 751 2114 enim
775 2088 995 2130 possumus
1024 2089 1176 2131 negare
1205 2075 1320 2130 quod
1347 2074 1550 2132 scriptum
1578 2083 1669 2123 est;

314 2145 389 2185 setl
413 2145 465 2185 ad
496 2143 832 2185 coacervandum
861 2144 1061 2185 delictum
1084 2144 1211 2201 ipsius
1238 2144 1376 2186 addita
1397 2144 1488 2201 ejus
1518 2152 1580 2186 est
1600 2160 1673 2202 ge-

312 2213 475 2255 neratio
496 2229 507 2261 3
529 2212 625 2269 quia
649 2228 746 2254 cum
768 2213 943 2255 haberet
959 2212 1091 2255 filium
1109 2222 1150 2255 et
1175 2222 1293 2271 pater
1309 2222 1431 2263 esset,
1455 2215 1568 2256 solus
1585 2214 1672 2271 ipse

314 2291 480 2341 patrem
497 2297 582 2324 non
605 2283 799 2340 cognovit
814 2315 825 2332 ,
852 2274 922 2340 qui
943 2283 1073 2340 magis
1095 2298 1348 2340 cognoscere
1371 2284 1593 2326 debuisset.
1621 2284 1673 2326 Et

314 2353 409 2395 ideo
427 2353 669 2410 improbum
690 2352 847 2394 habere
868 2353 1022 2395 meruit
1048 2352 1199 2401 filium,
1225 2353 1320 2410 quia
1342 2353 1556 2411 improbus
1577 2353 1672 2395 fue-

314 2430 379 2464 rat
415 2421 534 2479 patri.
575 2421 711 2463 Simul
747 2421 954 2480 significat
985 2438 1035 2464 ex
1070 2423 1139 2464 illo
1177 2422 1376 2465 Chanaan
1414 2423 1670 2465 Chananaeos

306 2490 462 2550 3111550,
497 2491 566 2548 qui
594 2499 688 2548 post
716 2493 868 2534 multas
899 2492 1188 2550 generationes
1214 2508 1236 2534 a
1261 2494 1417 2551 populo
1449 2491 1561 2548 justo
1593 2506 1670 2549 op-

272 2568 278 2571 *
361 2590 371 2605 ¹
391 2582 473 2615 Gen.
490 2593 534 2618 uz,
555 2582 602 2614 18.
622 2598 662 2607 -
680 2590 692 2606 ⁸
710 2582 793 2615 Ibid.
820 2593 866 2625 19.
1008 2558 1012 2563 *
