1747 3260
488 262 780 290 nexaminnon.
818 261 897 289 Lm.
934 261 961 287 1.
1352 247 1404 290 53

42 343 145 386 tidio
165 349 238 384 est.
266 342 392 384 Maria
415 341 610 398 procellis
632 340 815 388 turbata,
843 354 948 396 quos
971 354 1054 381 non
1078 339 1288 382 incutiunt
1310 356 1404 383 me-

24 413 138 456 ·tus?
160 413 448 455 Pulcherrima
475 420 537 453 cst
574 426 717 453 rerum
749 410 932 468 species,
958 412 1031 452 sed
1061 411 1162 467 quid
1189 419 1294 452 esset
1317 412 1405 453 sine

44 484 228 528 lumine?
248 484 350 540 quid
375 484 461 525 sine
492 482 724 539 temperie?
749 482 850 538 quid
872 481 961 523 sine
989 497 1193 538 aquarum
1225 497 1405 539 congre-

24 555 228 612 gatione,
254 555 406 611 quihus
429 562 526 595 ante
548 554 738 594 demersa
761 552 844 609 poli
864 551 990 608 hujus
1012 551 1276 595 habebantur
1292 568 1409 594 exor-

42 626 111 668 dia
127 626 144 667 Ξ)
161 626 277 668 Tolle
301 627 435 667 solem
460 625 604 673 terris,
630 626 728 666 tollo
756 623 871 665 coelis
893 625 1106 665 stellarum
1125 624 1286 680 globos,
1312 639 1398 665 om-

21 696 108 738 'nia
131 695 314 738 tenebris
331 695 640 736 inhorrescunt.
670 694 739 735 Sic
759 701 877 735 erant
894 703 1118 750 antequam
1140 696 1283 735 lumen
1302 693 1402 736 huic

38 767 200 808 mundo
221 765 424 807 Dominus
446 764 696 806 infunderet·
722 764 774 805 Et
792 764 885 806 ideo
909 763 1124 821 Scriptura
1148 764 1201 805 ait
1227 779 1268 804 :«
1292 764 1404 814 Quia

38 837 256 878 »tenebrae
286 845 405 878 erant
433 852 557 894 super
585 836 781 893 abyssum
807 835 837 877 ¹.
867 835 1097 878 »Tenebrae
1130 843 1271 883 erant,
1308 835 1405 891 quia

36 908 239 964 splendor
261 909 402 949 deerat
427 908 544 949 lucis.
573 907 774 949 Tenebrae
790 915 909 948 erant
925 939 935 955 ‚
965 907 1061 962 quia
1085 911 1156 947 ae'r
1181 907 1266 964 ipsc
1293 915 1403 948 tene-

35 978 190 1020 'hrosus
214 986 287 1019 est.
316 977 435 1034 Aqua
458 978 544 1035 ipsa
569 978 645 1018 sub
667 977 780 1018 nube
804 977 1023 1018 tenebrosa
1047 985 1110 1018 est
1130 1009 1141 1025 ,
1168 977 1264 1032 quia
1283 984 1403 1017 tene-

40 1047 163 1089 brosa
198 1063 302 1103 aqua
331 1048 371 1088 in
399 1047 582 1089 nubibus
615 1047 732 1088 a’c'ris.
776 1047 905 1088 Erant
939 1063 1037 1105 ergo
1070 1048 1252 1089 tenebrae
1281 1062 1408 1104 super

10 1164 13 1178 ἶ
36 1118 210 1174 abyssos
238 1133 452 1174 aquarum.
484 1118 574 1160 Non
598 1117 709 1159 enim
733 1119 861 1159 malas
880 1118 1199 1175 intelligendum
1222 1119 1403 1160 arbitror

0 1183 10 1188 i
39 1196 283 1245 potestates,
309 1191 423 1245 quod
443 1189 648 1230 Dominus
667 1204 811 1231 carum
831 1189 1033 1231 malitiam
1056 1189 1283 1237 creaverit,-
1305 1204 1404 1230 cum

39 1258 185 1314 utique
216 1273 302 1300 non
336 1259 641 1307 substantialis,
670 1261 743 1300 sed
771 1259 965 1301 accidens
991 1259 1042 1301 sit
1064 1259 1242 1307 malitia,
1268 1274 1359 1316 quae
1384 1273 1406 1299 a

37 1335 200 1369 naturae
222 1328 408 1370 bonitate
432 1329 613 1370 deflexit.

95 1398 257 1441 XXIX.
307 1399 452 1455 Itaque
487 1398 528 1440 in
563 1400 860 1441 constitutione
892 1401 1040 1442 mundi
1070 1401 1209 1458 opinio
1232 1402 1402 1443 malitiae

38 1468 204 1510 interim
236 1478 541 1526 sequestretur,
568 1485 620 1511 ne
643 1470 790 1511 divinae
814 1470 1073 1527 operationi,
1098 1471 1397 1527 pulcherrimae

40 1547 264 1587 creaturce,
299 1555 346 1581 ea
380 1547 470 1596 quae
508 1540 702 1581 decolora
732 1547 856 1587 sunt,
888 1539 1116 1581 admiscere
1152 1540 1399 1590 videamur,

36 1609 217 1651 maxime
236 1625 331 1652 cuin
345 1617 543 1667 sequatur
564 1625 571 1651 :
590 1610 666 1651 «Et
680 1609 860 1667 Spiritus
871 1610 947 1651 Dei
965 1609 1312 1667 superferehatur
1332 1626 1407 1652 su-

38 1695 141 1736 »per
158 1680 316 1736 aquas¹
326 1713 333 1722 .
358 1681 526 1732 »Quem
548 1681 624 1722 etsi
644 1680 771 1737 aliqui
798 1696 873 1737 pio
902 1684 996 1721 ae'lo
1019 1681 1253 1737 accipiant,
1275 1681 1404 1738 aliqui
1439 1724 1441 1727 ,

40 1765 117 1807 pro
140 1751 285 1808 spiiitu
310 1767 435 1808 quem
461 1752 665 1809 spilamus
686 1761 727 1793 et
755 1752 964 1808 carpimus
988 1766 1097 1792 3111ae
1118 1750 1244 1807 hujus
1268 1752 1405 1794 ῑίῑ31ἰ5

42 1810 256 1867 spititum3
282 1827 356 1853 nos
379 1820 518 1853 tamen
544 1826 642 1853 cum
660 1819 900 1853 sanctolum
920 1819 962 1852 ct
985 1810 1172 1852 fidelium
1196 1812 1404 1853 sententia

40 1889 346 1938 congruentCS,
372 1880 574 1939 Spiritum
603 1890 795 1923 sanctum
821 1881 1076 1939 accipimus,
1107 1891 1154 1923 ut
1179 1882 1219 1922 in
1245 1883 1408 1925 consti-

41 1952 203 1994 tutione
225 1953 372 1995 mundi
389 1953 577 2011 operatio
595 1953 808 1995 Trinitatis
826 1954 1002 1995 eluceat.
1025 1953 1242 1994 Praemisso
1264 1952 1400 2001 enim3

37 2022 137 2078 quia
152 2040 167 2061 «
183 2023 228 2064 In
252 2023 458 2081 principio
480 2024 580 2066 secit
603 2024 716 2065 Deus
738 2025 893 2065 coelum
911 2032 952 2065 et
974 2031 1145 2072 terram,
1172 2023 1245 2064 »id
1262 2031 1339 2072 est,
1361 2023 1405 2065 in

38 2091 208 2134 Christo
231 2093 329 2135 fecit
349 2094 480 2143 Deus,
505 2096 571 2136 vel
595 2094 724 2136 Filius
755 2094 829 2136 Dei
853 2095 964 2136 Deus
997 2094 1115 2142 fecit,
1141 2095 1205 2135 vel
1234 2109 1309 2151 per
1337 2093 1404 2136 Fi-

41 2162 144 2205 lium
166 2164 278 2205 Deus
299 2164 420 2213 secit3
446 2165 542 2221 quia
559 2164 699 2206 omnia
722 2180 798 2222 per
821 2165 955 2222 ipsum
974 2165 1080 2207 sacta
1103 2173 1198 2206 sunt
1215 2198 1225 2213 ,
1256 2173 1297 2206 ct
1315 2165 1405 2206 sine

44 2232 131 2289 ipso
159 2232 316 2275 sactum
348 2242 411 2276 est
437 2235 564 2283 nihil,
591 2244 807 2292 supererat
833 2236 1049 2292 plenitudo
1082 2235 1335 2292 operationis
1359 2234 1403 2275 in

42 2300 223 2359 Spiritu,
253 2304 361 2346 sicut
382 2305 585 2363 scriptum
616 2313 677 2347 est
704 2321 745 2346 z«
773 2305 908 2348 Verbo
934 2305 1104 2347 Domini
1129 2305 1224 2346 coeli
1245 2304 1403 2346 firmati

41 2381 190 2423 nsunt,
216 2382 257 2416 et
280 2374 438 2433 Spiritu
460 2376 542 2418 oris
565 2377 655 2433 ejus
684 2377 819 2418 omnis
841 2378 972 2419 virtus
995 2392 1145 2418 eorum
1167 2376 1200 2419 ³.
1225 2395 1240 2415 »
1255 2377 1403 2433 Itaque

41 2445 397 2499 quemadmodum
425 2447 466 2488 in
497 2447 661 2489 Psalmo
688 2449 893 2490 docemur
918 2448 1208 2505 operationem
1237 2446 1367 2489 Verbi
1390 2479 1403 2495 ,

25 2515 155 2569 rquod
184 2522 246 2556 est
273 2515 460 2558 Verbum
477 2517 574 2564 Dei,
600 2526 642 2559 et
668 2518 869 2560 virtutem
886 2551 897 2568 ,
926 2533 1053 2575 quam
1077 2517 1191 2560 dedit
1223 2516 1405 2575 Spiritus

38 2602 43 2605 ’
82 2608 95 2627 ¹
114 2604 200 2638 Gen.
218 2616 241 2642 ι,
259 2617 289 2639 2.
306 2625 344 2632 —
366 2617 377 2631 ²
400 2607 484 2639 lbid.
504 2626 544 2632 --
563 2610 577 2632 ³
595 2608 677 2641 Psal.
691 2620 793 2649 xxxu,
809 2608 841 2641 6.
