1742 3233
311 312 391 365 322
854 321 884 348 s.
923 321 1111 350 AMBRosn

315 433 333 455 ox
349 414 531 457 Oculum
560 425 636 468 pro
659 411 785 451 oculo
800 440 811 457 ,
835 409 1005 451 dentem
1034 424 1109 465 pro
1135 409 1260 449 dente
1275 408 1305 450 ¹.
1330 407 1476 465 »Legit
1493 408 1618 451 etiam
1641 421 1651 451 ε

316 502 333 523 «
356 484 400 527 Si
415 472 755 525 scandalizaverit
773 487 812 521 te
829 480 997 521 dextera
1016 487 1104 526 tua,
1127 477 1323 519 abscinde
1343 477 1504 526 illam²;
1529 497 1544 517 »
1572 494 1656 521 non

305 552 498 610 intelligit
527 565 717 599 sensum,
749 564 835 590 non
871 549 1047 590 advertit
1084 547 1210 588 divini
1243 562 1391 588 areana
1429 548 1651 597 sermonis,

309 623 429 681 pejus
449 621 628 669 labitur,
653 634 779 676 quam
802 618 834 659 si
858 633 941 659 non
964 617 1141 673 legisset.
1168 616 1219 657 Et
1239 616 1332 657 ideo
1352 616 1494 658 docuit
1516 632 1659 672 quem-

309 692 537 747 admodum
564 689 641 731 Dei
671 687 861 731 Verbum
896 686 1142 743 investigare
1180 685 1381 726 deberent
1396 717 1407 733 ,
1443 700 1526 726 non
1562 701 1657 742 per-

306 760 538 808 functorie,
564 773 648 800 non
676 756 931 814 improvide,
961 758 1034 797 sed
1061 756 1281 812 diligenter
1305 764 1428 808 atque
1450 755 1624 797 sollicite
1645 771 1653 798 :

318 848 334 869 «
358 829 485 881 Quod
500 835 609 876 erat,
637 826 796 882 inquit,
823 826 873 867 ab
901 825 1016 866 initio
1031 857 1042 873 ,
1064 826 1178 880 quod
1200 825 1455 874 audivimus,
1481 833 1523 866 et
1546 826 1659 880 quod

307 899 539 946 »vidimus‚
574 896 705 938 oculis
737 894 888 937 nostris
918 894 1231 951 perspeximus,
1263 901 1305 934 et
1326 909 1474 934 manus
1506 902 1657 935 nostrae

307 987 323 1008 »
337 974 608 1025 perscrutatae
625 973 722 1007 sunt
743 966 793 1006 de
815 964 954 1006 Verbo
979 964 1069 1004 vitae
1087 979 1095 1004 :
1112 972 1154 1004 et
1172 963 1349 1004 vidimus
1366 971 1407 1004 et
1430 971 1654 1013 testamur,

307 1045 379 1079 »et
402 1035 698 1079 annuntiamus
718 1034 836 1075 vobis
860 1032 890 1074 ³.
917 1033 1071 1075 »Vides
1088 1035 1201 1089 quod
1219 1041 1314 1074 ante
1330 1035 1444 1074 velut
1465 1034 1657 1076 manibus
1710 1079 1712 1082 ,

309 1106 560 1163 quibusdam
581 1110 866 1160 perscrutatus
884 1102 935 1143 sit
950 1102 1025 1144 Dei
1047 1103 1243 1151 verbum,
1270 1110 1312 1143 et
1332 1111 1477 1159 postea
1499 1118 1659 1144 annun-

307 1163 472 1219 tiaverit
496 1190 505 1216 ε
531 1183 572 1216 et
599 1174 691 1215 ideo
710 1173 813 1214 nihil
839 1172 938 1215 Adae
959 1180 1000 1214 et
1022 1173 1116 1214 Evae
1138 1173 1310 1214 sortasse
1334 1173 1544 1215 nocuisset
1571 1189 1658 1216 ver—

308 1247 412 1288 bum
433 1277 444 1294 ,
482 1244 514 1286 si
556 1242 909 1300 pertractantibus
950 1241 1170 1298 diligenter
1214 1243 1365 1284 mentis
1407 1243 1656 1298 quibusdam

312 1315 509 1358 manibus
543 1321 638 1354 ante
661 1311 906 1368 tetigissent.
945 1310 1107 1352 Infirmi
1136 1311 1246 1352 enim
1275 1313 1591 1368 pertractando,
1619 1320 1660 1354 et

312 1385 549 1443 diligentius
576 1383 853 1439 requirendo,
885 1381 1216 1437 uniuscujusque
1243 1397 1368 1437 quam
1398 1397 1480 1422 non
1504 1382 1658 1423 intelli—

312 1464 435 1514 gunt,
464 1461 639 1511 possunt
672 1451 918 1507 investigare
952 1459 1157 1492 naturam.
1196 1451 1317 1492 Certe
1347 1451 1403 1492 illi
1432 1451 1587 1492 infirmi
1618 1451 1660 1494 id

311 1528 488 1584 lignum,
498 1524 540 1566 in
553 1538 635 1579 quo
649 1522 865 1563 scientiam
879 1521 977 1562 mali
993 1536 1081 1562 esse
1094 1529 1397 1578 cognoverant,
1411 1512 1505 1562 ante
1518 1537 1661 1577 quem—

314 1596 545 1639 admodum
569 1599 810 1650 tangerent,
830 1592 1062 1633 debuerant
1086 1591 1351 1648 perscrutari.
1380 1591 1484 1634 Nam
1505 1599 1546 1633 et
1563 1591 1660 1632 mali

313 1680 422 1722 saepe
447 1663 570 1705 nohis
590 1669 729 1720 potest
750 1662 947 1717 prodesse
969 1661 1164 1716 cognitio.
1192 1660 1244 1702 Et
1266 1661 1358 1701 ideo
1379 1661 1534 1702 diaboli
1554 1660 1661 1701 frau-

310 1738 384 1778 des
403 1725 471 1776 ‘vel
492 1734 535 1774 in
561 1732 641 1775 hac
663 1731 839 1788 legimus
859 1731 1039 1772 lectione
1055 1763 1065 1779 ,
1090 1732 1156 1772 vel
1179 1731 1219 1771 in
1237 1731 1454 1787 prophetia
1468 1763 1479 1779 ‚
1511 1738 1556 1771 ut
1575 1729 1660 1776 dis—

311 1819 456 1848 camus
473 1802 830 1858 quemadmodum
847 1808 954 1842 artes
972 1800 1062 1857 ejus
1075 1815 1222 1842 cavere
1242 1800 1459 1856 possimus.
1479 1799 1660 1856 Cognos-

312 1876 447 1917 cenda
469 1879 565 1914 sunt
585 1871 698 1912 enim
720 1878 976 1912 tentamenta
1002 1870 1116 1926 ejus,
1145 1886 1231 1912 non
1255 1877 1301 1911 ut
1318 1885 1563 1926 sequamur,
1588 1871 1661 1911 sed

311 1953 359 1988 ut
381 1942 494 1986 docti
514 1941 791 1996 instructique
814 1955 1045 1982 caveamus.

369 2013 479 2056 LIX.
518 2009 625 2052 Sunt
646 2011 727 2052 hoc
748 2011 842 2052 loco
860 2010 929 2065 qui
958 2010 1262 2051 dubitationem
1284 2010 1468 2052 habeant
1482 2043 1492 2059 ,
1517 2018 1661 2052 utrum

313 2099 364 2127 ex
389 2081 503 2125 omni
520 2081 632 2138 ligno
658 2080 714 2121 ita
745 2080 896 2122 dixerit
921 2080 1032 2122 Deus
1058 2096 1147 2121 esse
1177 2083 1428 2137 gustandum
1445 2113 1455 2130 ,
1492 2090 1539 2124 ut
1563 2095 1660 2123 cum

313 2155 365 2196 de
388 2143 503 2194 omni
533 2152 674 2208 ligno,
707 2151 763 2192 ita
799 2152 850 2192 de
889 2150 1069 2227 scientiffe
1100 2152 1266 2193 boniet
1296 2153 1394 2194 mali
1420 2153 1532 2210 ligno
1569 2168 1661 2209 gus-

310 2230 472 2265 taretur
491 2236 500 2263 :
527 2236 579 2262 an
599 2235 698 2262 vero
721 2222 771 2261 de
796 2221 911 2262 omni
932 2222 1044 2278 ligno
1066 2225 1340 2279 gustandum,
1366 2225 1417 2266 de
1440 2225 1526 2266 solo
1548 2224 1660 2281 ligno

310 2291 492 2335 scientiae
511 2290 670 2332 boniet
689 2290 787 2332 mali
807 2291 954 2333 dixerit
976 2307 1061 2333 non
1085 2309 1173 2334 esse
1194 2295 1445 2351 gustandum
1464 2294 1481 2335 ?
1503 2294 1586 2346 Qui
1607 2309 1660 2336 ne

306 2362 353 2405 id
367 2361 537 2419 quidem
557 2368 707 2418 putant
724 2360 879 2403 inutilis
895 2377 983 2403 esse
999 2362 1185 2410 rationis,
1204 2366 1317 2420 quod
1335 2364 1523 2420 quamvis
1539 2361 1659 2405 noxia

306 2447 403 2474 esca
428 2430 554 2487 hujus
577 2430 677 2487 ligni
706 2430 856 2480 sucrit3
884 2440 1024 2473 tamen
1056 2433 1088 2474 si
1118 2449 1214 2474 cum
1245 2435 1404 2475 cmteris
1434 2436 1654 2481 ederetur,

308 2490 431 2534 noxia
467 2505 556 2531 esse
584 2505 667 2531 non
700 2490 862 2547 possit:
895 2493 1233 2548 quandoquidem
1269 2494 1395 2534 etiam
1425 2494 1659 2535 antidotum

307 2559 544 2605 theriacum
581 2561 633 2602 de
667 2575 845 2619 corpore
881 2562 1082 2620 serpentis
1114 2562 1266 2605 confici
1296 2565 1428 2608 solere
1467 2564 1655 2613 dicatur,

350 2659 362 2675 ²
381 2649 489 2684 Levit.
505 2660 599 2690 xxxv,
618 2660 670 2687 πο.
690 2668 731 2699 5-
751 2661 764 2677 ³
781 2651 899 2685 Matth.
918 2662 949 2692 v,
968 2653 1020 2689 30.
1039 2671 1079 2680 —-
1095 2655 1109 2680 ³
1126 2654 1220 2687 Joan.
1237 2664 1263 2695 1,
1283 2664 1310 2692 ι.
1324 2664 1362 2701 2⁰⁴
