1747 3260
462 265 747 292 IIEXAEMERON.
788 265 863 291 Lm.
906 265 939 291 V.
1300 271 1379 315 177

30 344 179 385 clamat
211 341 357 389 sibilo;
393 348 517 398 atque
550 341 621 382 ubi
654 343 876 383 adventare
912 356 1154 399 comparem
1188 348 1378 397 senserit,

7 421 10 425 ’
28 427 237 455 venenum
255 410 411 452 evomit
426 411 701 452 reverentiam
715 412 865 452 marito
883 412 1087 461 deferens,
1105 418 1383 460 verecundata

27 482 254 539 nuptialem
278 482 451 538 gratiam
477 496 486 522 z
512 490 558 522 tu
581 482 732 523 mulier
754 482 1043 524 advenientem
1074 485 1123 525 de
1152 486 1381 545 longInquo

26 553 224 595 maritum
246 551 510 593 contumeliis
532 552 709 608 repellis.
734 552 883 609 Yipel‘a
906 568 1020 594 mare
1038 566 1292 612 prospectat,
1314 575 1381 601 ex-

25 623 162 679 plorat
186 622 264 663 iter
296 621 485 678 conjugis
515 637 522 662 :
564 630 607 663 tu
640 621 802 678 injuriis
836 623 943 663 *fiam
976 622 1063 664 x‘iro
1091 625 1271 667 obstruis
1297 643 1305 669 :
1337 626 1383 670 tu

25 691 161 733 litium
175 706 316 732 moves
333 706 558 740 venenum,
575 707 658 732 non
675 691 814 748 rejicis
832 708 839 733 :
862 701 906 734 tu
920 692 1151 750 conjugalis
1170 698 1383 754 amplexus

25 770 214 818 tempore
238 761 374 802 (lirum
396 762 507 803 vii-ns
529 770 751 810 ex:estuas;
771 778 848 804 nec
867 764 1080 805 erubescis
1102 766 1283 823 nuptias,
1304 784 1382 811 nec

24 832 225 875 revereris
247 832 457 874 maritum.

82 903 200 945 XIX.
239 903 321 945 Sed
343 903 469 944 etiam
493 912 536 944 tu
560 903 637 951 vir,
662 918 884 959 possumus
910 904 1022 945 euim
1047 905 1172 947 etiam
1197 908 1253 950 sie
1279 910 1384 951 aeci·

24 987 140 1032 pere,
171 975 334 1030 depone
363 981 571 1014 tumorem
595 974 750 1024 cordis,
779 974 1047 1030 asperitatem
1075 991 1260 1025 morum,
1285 994 1383 1021 eum

23 1045 99 1087 tihi
134 1046 275 1086 sedula
307 1060 412 1085 uxor
443 1044 627 1085 occurrit
653 1059 660 1085 :
691 1046 877 1101 propelle
913 1045 1259 1102 indignationem,
1286 1065 1382 1092 eum

23 1115 176 1158 blanda
201 1114 353 1171 conjux
380 1115 433 1155 ad
462 1113 709 1155 charitatem
731 1122 943 1171 provocat.
974 1115 1067 1158 Non
1094 1133 1136 1158 es
1168 1119 1379 1170 dominus,

24 1188 97 1229 sed
127 1186 328 1228 maritus:
354 1200 438 1226 non
472 1185 666 1226 ancillatu
693 1185 863 1225 sortitus
886 1201 945 1234 es,
973 1188 1046 1228 sed
1069 1203 1258 1232 uxorem.
1292 1191 1382 1233 Gu-

21 1255 288 1299 bernatorem
312 1263 350 1296 te
374 1255 485 1296 Deus
507 1254 637 1296 voluit
660 1270 749 1296 esse
775 1271 894 1296 sexus
917 1255 1141 1305 inferioris,
1166 1274 1251 1300 non
1273 1277 1373 1318 prae·

22 1333 250 1384 potentem.
288 1326 433 1368 Redde
467 1324 604 1366 studio
649 1324 807 1373 tieem,
852 1326 979 1367 redde
1017 1328 1149 1368 amori
1191 1331 1378 1386 gratIam.

20 1395 173 1453 Vipera
208 1410 414 1437 venenum
449 1410 571 1436 suum
609 1395 782 1436 fundit:
822 1403 865 1436 tu
904 1411 987 1437 non
1027 1406 1144 1454 potes
1189 1401 1391 1445 duritiam,

20 1467 174 1510 mentis
205 1465 448 1524 deponere?
482 1465 565 1506 Sed
594 1465 722 1506 habes
753 1466 987 1507 naturalem
1016 1467 1228 1524 rigorem:
1257 1473 1385 1514 debes

19 1553 255 1595 temperare
291 1552 387 1579 eum
429 1536 781 1593 contemplatione
819 1536 1031 1594 conjugii,
1071 1548 1112 1581 et
1150 1545 1382 1587 reverentia

21 1607 331 1665 conjunctionis
370 1609 578 1664 deponere
617 1607 743 1648 animi
779 1606 1002 1651 feritatem.
1049 1610 1190 1654 Potest
1221 1621 1262 1655 et
1301 1616 1374 1660 sie.

19 1677 157 1724 Nolite
171 1693 356 1734 quaerere
378 1676 454 1718 viri
479 1677 660 1718 alienum
684 1677 868 1724 thorum,
887 1677 1015 1720 nolite
1035 1679 1220 1724 insidiari
1242 1684 1386 1730 alienae

19 1749 195 1806 copulae.
214 1747 350 1790 Grave
371 1755 433 1788 est
455 1746 724 1796 adulterium,
739 1756 779 1789 et
797 1755 955 1789 natura:
977 1749 1142 1806 injuria.
1166 1753 1280 1797 Duos
1297 1758 1383 1815 pri-

18 1831 138 1859 mum
148 1817 266 1858 *Deus
283 1816 396 1865 fecit,
414 1816 548 1858 Adam
565 1824 606 1858 et
619 1817 764 1866 Evam,
786 1817 865 1859 hoc
884 1826 961 1866 est,
981 1819 1116 1863 virum
1130 1829 1171 1864 et
1186 1840 1375 1879 uxorem,

12 1894 59 1930 et
79 1902 252 1929 uxorem
274 1888 326 1928 de
346 1887 450 1935 viro,
475 1886 555 1928 hoe
580 1895 657 1935 est,
682 1888 733 1929 de
757 1896 871 1929 costa
896 1888 1055 1940 Adam3
1081 1901 1122 1934 et
1145 1893 1266 1949 jussit
1289 1914 1373 1942 am-

13 1954 90 2001 bos
122 1972 211 1999 esse
241 1956 282 1997 in
308 1972 392 1998 uno
427 1972 620 2014 corpore,
645 1965 686 1998 et
716 1957 759 1998 in
783 1973 865 1999 uno
889 1959 1039 2017 spiritu
1062 1963 1214 2008 vivere.
1254 1970 1369 2022 Quid

13 2041 145 2070 unum
185 2042 350 2085 separas
386 2042 563 2084 corpus,
604 2043 736 2070 unum
770 2029 918 2072 dividis
950 2032 1173 2089 spiritum?
1206 2038 1373 2086 Naturae

15 2098 269 2142 adulterium
307 2106 382 2139 est.
421 2098 511 2140 Hoc
550 2093 673 2141 docet
702 2115 900 2143 muraenae
933 2111 975 2145 et
1002 2105 1152 2163 viperae
1175 2125 1258 2153 non
1274 2112 1371 2169 jure

0 2169 192 2234 igeneris,
212 2169 284 2210 sed
303 2169 452 2210 arbore
467 2169 651 2212 libidinis
672 2172 879 2228 expetitus
902 2177 1129 2232 amplexus,
1148 2180 1320 2235 Discite,
1345 2203 1370 2229 0

0 2237 105 2314 ,νὴ-ἰ,
134 2239 204 2296 qui
231 2239 407 2280 alienam
427 2241 661 2297 permolere
678 2243 826 2298 quaerit
842 2259 1032 2297 uxorem,
1057 2249 1177 2307 cujus
1195 2268 1369 2313 serpen-

0 2310 66 2380 'tis
86 2311 163 2353 sibi
193 2310 396 2370 asciscere
420 2310 562 2375 cupiat
582 2313 926 2365 contubernium,
954 2318 1021 2359 eui
1045 2320 1172 2365 etiam
1192 2339 1367 2386 compa..

0 2383 168 2428 'raudus
199 2381 285 2439 ipse
317 2381 499 2439 serpenti
531 2382 593 2424 sit.
629 2383 817 2426 Festinat
840 2387 892 2427 ad
915 2387 1116 2446 viperam,
1146 2408 1238 2450 quae
1261 2412 1304 2439 se
1323 2399 1366 2442 in

14 2452 217 2510 gremium
248 2452 324 2493 viri
355 2467 440 2493 non
471 2452 631 2496 directo
664 2455 830 2498 tramite
860 2458 1059 2510 veritatis,
1097 2465 1170 2507 secl
1200 2467 1365 2515 lubrico

12 2522 120 2566 devii
155 2523 306 2565 amoris
343 2521 537 2565 infundit.
579 2515 767 2567 Festinat
804 2528 856 2568 ad
895 2543 989 2570 eam
1029 2546 1119 2588 quae
1155 2550 1365 2586 venenum

13 2608 135 2638 suum
158 2594 348 2643 resumit,
371 2601 419 2636 ut
443 2593 581 2653 vipera
606 2609 697 2653 quae
717 2596 849 2639 fertur
866 2608 1038 2656 peracto
1055 2604 1366 2663 conjunctionis

3 2681 6 2713 ι
157 2680 237 2709 nv.
1166 2692 1216 2721 12
