1742 3233
332 272 360 313 8
880 286 1018 316 mnnx.

272 367 383 398 Cirur
400 367 436 399 V.
454 368 526 406 Qua
549 367 672 399 ratione
696 367 852 400 Dominus
875 368 944 400 aliis
955 367 1063 400 bestiis
1078 366 1158 400 colla
1170 367 1328 405 breviora,
1353 368 1422 402 aliis
1450 369 1520 402 lon-

310 421 397 461 giora
421 421 588 453 creaverit.
619 420 685 453 Ubi
710 421 906 463 potissimum
922 422 1080 464 elephanti
1104 422 1259 464 membra,
1276 424 1515 466 proprietates,

313 480 411 516 atque
424 473 457 505 in
470 484 502 506 re
519 474 647 507 militari
664 485 736 506 usus
752 475 991 508 describuntur.
1565 478 1622 516 24¹

271 528 383 559 CAPUT
410 528 470 560 VI.
497 528 621 560 Belluas
651 528 881 561 robustissimas
905 540 940 561 ac
964 529 1174 562 ferocissimas
1188 531 1343 563 hominia
1364 530 1522 564 creatore

310 582 472 617 subditas:
502 582 620 614 eisdem
647 582 854 614 minutissima
882 583 1030 614 animalia
1059 584 1176 615 terrori
1206 589 1301 626 atque
1324 585 1424 617 exitio
1440 596 1517 618 esse.

310 636 394 666 Tum
411 635 517 676 paucis
533 635 572 666 de
591 639 776 677 serpentum
791 635 929 668 utilitate
945 636 1110 678 disputatis
1124 658 1134 674 ,
1155 637 1251 669 homo
1267 637 1306 670 ad
1323 638 1371 670 sui
1385 638 1519 671 animae-

313 699 375 730 que
392 687 530 730 propriae
546 688 761 728 cognitionem
778 688 944 721 excitatur.
1568 691 1628 730 244

274 743 386 774 CArcr
405 743 483 774 Vll.
502 742 652 773 Hominis
667 742 865 774 creationem
888 753 905 774 a
929 743 1184 776 consideratione
1199 744 1363 776 Creatoris
1379 745 1525 787 auspica-

316 803 379 828 tur.
408 797 524 828 Filium
552 796 656 829 Patris
686 797 855 838 imaginem
888 808 953 830 esse
967 821 977 836 ,
1008 809 1132 830 necnon
1165 798 1251 830 inter
1280 808 1333 830 eos
1373 798 1528 832 unitatem

313 851 613 893 ‹l‘stinctionemque
631 850 765 882 inveniri
787 850 996 884 demonstrat.
1021 853 1170 895 Denique
1195 852 1360 885 hominem
1385 858 1420 885 ut
1443 863 1523 894 cog-

311 909 421 936 nomt
448 905 531 936 unde
560 904 694 944 oriatur,
709 905 838 947 cujusve
854 905 1036 947 imaginem,
1051 911 1082 938 et
1099 907 1130 937 in
1148 917 1209 948 qua
1223 913 1312 948 parte
1328 917 1399 940 eam
1413 911 1522 950 gerat,

319 957 482 990 admonet.
1569 959 1631 997 248

272 1013 380 1043 Cin-r
397 1012 495 1044 vul.
517 1011 562 1044 Ut
585 1012 722 1054 pressius
742 1011 939 1054 intelligatur
957 1012 1012 1044 ubi
1035 1012 1142 1044 divina
1165 1012 1338 1045 similitudo
1361 1013 1522 1052 resideat,

314 1066 455 1108 corporis
475 1072 507 1099 et
540 1067 655 1099 animae
679 1066 768 1098 dotes
796 1066 1029 1098 examinantur.
1073 1066 1263 1098 Ostenditur
1283 1071 1386 1098 totum
1423 1067 1525 1098 homi-

316 1131 388 1152 nem
403 1120 517 1152 nnimae
529 1120 683 1153 vocabulo
697 1120 862 1162 designari.
880 1121 943 1160 Qui
961 1121 1020 1152 Dei
1038 1120 1207 1163 imaginem
1218 1120 1304 1161 fuco,
1320 1121 1523 1160 crudelitate,

315 1175 448 1216 pertidia
461 1174 647 1214 obliterant,
661 1174 883 1216 objurgantur.
909 1174 975 1206 Sub
988 1174 1061 1206 haec
1074 1174 1253 1206 exhortatio
1267 1174 1306 1206 ad
1320 1174 1518 1215 vigilantiam

319 1234 429 1260 contra
455 1228 556 1267 vitia,
583 1233 617 1260 et
640 1238 817 1271 pauperum
842 1238 877 1260 ac
902 1228 1036 1260 divitum
1060 1229 1145 1260 inter
1165 1238 1198 1260 se
1213 1228 1408 1270 comparatio
1422 1234 1521 1271 caput

319 1281 465 1313 absolvit.
1570 1285 1628 1316 251

270 1336 378 1366 Crem
400 1336 463 1367 IX.
488 1336 539 1369 De
563 1335 707 1378 corporis
735 1335 870 1374 humani
896 1335 1092 1378 praestantia,
1110 1336 1214 1380 deque
1235 1335 1432 1378 singulorum
1456 1336 1527 1379 ejus

312 1389 531 1423 membrorum
545 1389 810 1425 conformatione,
827 1389 1032 1432 dispositione
1047 1395 1143 1432 atque
1158 1389 1291 1422 officiis.
1576 1392 1637 1424 260

269 1444 379 1474 CAPur
408 1443 450 1474 X.
483 1443 555 1474 Diei
579 1448 668 1475 sexto
682 1467 691 1482 ‚
718 1444 842 1486 totique
865 1443 944 1475 adeo
959 1443 1046 1486 operi
1066 1442 1160 1476 finem
1178 1444 1336 1486 posituras
1359 1444 1520 1487 quomodo

315 1499 402 1529 Deus
426 1497 615 1540 requievisse
629 1498 762 1536 dicatur,
784 1499 888 1541 aperit
902 1522 913 1538 ,
934 1504 966 1531 et.
983 1499 1147 1532 Creatoris
1161 1499 1312 1532 laudibus
1329 1511 1514 1533 sermonem

321 1556 464 1583 coronat.
1575 1565 1634 1597 272

732 1879 813 1923 DE
852 1878 1150 1924 PARADISO
1163 1911 1173 1921 .

814 2058 952 2092 LIBER
978 2058 1112 2092 UNUS.

274 2232 385 2265 Crpur
400 2233 428 2265 Ι.
448 2234 552 2273 Quam
566 2232 695 2265 difficile
710 2232 752 2265 sit
768 2231 809 2263 de
828 2231 975 2274 paradiso
995 2230 1158 2263 disserere.
1176 2230 1255 2273 Ejus
1271 2235 1380 2263 tamen
1397 2231 1530 2270 Auctor,

327 2291 455 2323 natura,
474 2286 564 2324 situs,
580 2285 691 2318 incolae
708 2285 907 2324 indicantur,
923 2290 955 2317 et
968 2295 1018 2318 res
1033 2284 1072 2317 ad
1085 2284 1253 2327 mysticum
1268 2294 1394 2316 sensum
1426 2283 1530 2315 tradu-

326 2340 422 2370 citur.
1581 2338 1641 2378 275

280 2394 389 2426 Cmr
415 2395 464 2427 ΙΙ.
488 2394 584 2434 Quod
609 2393 733 2437 lignum
764 2393 906 2426 scientiae
928 2393 1006 2425 boni
1031 2397 1062 2425 et
1083 2393 1156 2424 mali
1182 2392 1216 2424 in
1240 2392 1390 2435 paradiso
1418 2391 1534 2429 fuerit,

324 2449 475 2491 qnodque
497 2449 616 2480 ibidem
642 2459 772 2491 serpens
794 2448 955 2484 extiterit,
979 2458 1042 2480 non
1065 2446 1376 2489 reprehendendum.
1396 2446 1439 2479 Et
1454 2446 1533 2490 quid

323 2502 468 2534 nonnulli
486 2512 541 2544 per
555 2508 749 2545 serpentem,
766 2502 926 2535 Adamum
940 2507 972 2534 et
988 2501 1088 2532 Evam
1106 2500 1340 2533 intellexerint.
1580 2499 1641 2541 278

280 2555 469 2588 CArurIll.
492 2556 554 2588 Per
571 2555 692 2588 sontem
709 2555 866 2598 paradisi,
879 2555 1064 2589 Christum;
1082 2565 1139 2596 per
1154 2559 1292 2596 quatuor
1307 2553 1438 2585 flumina
1457 2552 1532 2585 inde

323 2609 475 2648 orientia,
495 2610 627 2643 virtutes
639 2610 825 2648 cardinales,
845 2614 873 2641 et
893 2614 1028 2651 quatuor
1042 2608 1150 2640 numdi
1167 2612 1274 2640 aetates
1290 2606 1458 2648 designari.
1567 2606 1625 2637 282
