1742 3233
344 246 395 271 DE
428 244 505 272 Non
538 245 591 272 ET
624 245 742 272 Auel.
782 245 900 272 Lmen
934 245 1047 271 UNUS.
1289 231 1373 286 469

27 320 227 364 interitus
258 321 376 363 Unde
408 321 449 362 in
479 321 702 379 Evangelio
727 321 931 362 Dominus
957 322 1034 370 ait,
1062 320 1376 377 reprehendens

25 394 137 449 quod
166 392 425 449 temporibus
452 392 538 434 Noe
568 393 871 433 manducarent
901 400 942 433 ct
975 392 1195 439 biberent,
1223 406 1376 431 uxores

25 464 248 510 ducerent,
283 471 325 503 et
364 461 466 503 filias
499 470 676 519 nuptum
704 461 967 509 tradore11t¹3
1003 471 1045 502 et
1075 462 1168 503 ideo
1204 452 1377 518 propter

25 531 387 589 intemperantiam
419 547 565 573 eorum
601 532 888 590 supervenisse
928 531 1143 573 diluvium.
1185 532 1376 573 Moeroris

23 600 148 657 igitur
170 609 333 657 tempus
367 601 469 642 illud
492 616 576 642 non
612 601 751 643 laetitia
778 609 878 642 crat.
906 600 958 641 Et
982 601 1079 641 inde
1098 600 1244 641 <Iustus
1278 615 1375 641 con-

23 670 150 711 sortio
191 685 275 711 non
306 671 595 712 delectabatur
624 671 786 719 uxoris,
822 673 885 712 vel
918 669 991 711 filii
1030 669 1138 711 Justi
1177 669 1376 726 petebant

23 742 216 796 copulam
233 739 509 797 conjugalem.
535 742 673 792 Quam
691 741 801 782 enim
822 740 1091 788 indecorum,
1111 747 1157 780 ut
1174 754 1256 795 quo
1276 746 1377 779 tem-

23 825 125 867 pore
161 810 345 851 viventes
383 819 667 859 morerentur,
706 819 808 852 tunc
841 810 1015 867 perituri
1048 808 1376 866 generarentur?

18 878 165 920 Postea
197 886 336 920 autem
375 888 490 921 recte
519 882 570 922 ad
595 880 865 921 seminarium
897 888 1146 921 caeterorum
1176 878 1377 919 successit

20 964 118 989 usus
137 956 179 989 et
200 963 298 989 cura
325 949 532 1007 conjugii,
557 965 654 991 cum
681 950 883 991 diluvium
908 950 1092 991 recessit.
1122 950 1267 1004 ltaque
1290 963 1376 989 non

19 1018 94 1060 viri
119 1033 217 1060 cum
237 1019 354 1068 viris,
379 1021 453 1061 sed
474 1011 653 1060 foeminae
677 1035 774 1061 cum
799 1020 896 1061 viris
920 1027 1096 1065 exeunt3
1122 1026 1166 1059 ut
1189 1018 1317 1059 virilis
1335 1017 1376 1057 in

19 1103 61 1129 se
83 1088 302 1129 interdicta
332 1089 554 1145 permixtio
568 1122 578 1136 ,
595 1090 796 1146 permissa
815 1097 954 1131 autem
976 1088 1104 1130 virilis
1128 1096 1170 1129 et
1189 1086 1376 1128 soeminei

14 1157 199 1214 *legitima
223 1165 335 1199 sorte
358 1158 541 1215 conjugii
563 1154 712 1216 copula
735 1159 961 1200 videretur.

74 1226 285 1269 LXXVII.
321 1227 475 1270 Sensus
503 1237 643 1270 autem
670 1229 790 1270 altior
810 1229 889 1270 hoc
918 1229 1045 1270 habet
1071 1244 1080 1270 :
1106 1229 1178 1269 ubi
1202 1228 1375 1285 pericu-

17 1297 106 1338 lum
130 1305 218 1345 est,
240 1297 378 1339 viriles
406 1300 596 1354 quaedam
618 1307 660 1340 et
683 1299 875 1341 fortiores
899 1300 1221 1356 disceptationes
1242 1299 1374 1340 menti

18 1366 275 1415 adhaereant,
295 1375 337 1409 et
357 1383 406 1409 eo
426 1383 468 1409 se
484 1383 603 1409 mens
621 1369 737 1424 quasi
754 1370 980 1425 quamdam
999 1376 1166 1410 tueatur
1183 1369 1372 1410 sobolem

16 1434 200 1478 filiorum
222 1469 233 1485 ‚
269 1453 351 1493 quo
394 1439 712 1495 tempestatibus
747 1448 788 1480 et
825 1439 1084 1496 gravioribus
1113 1438 1375 1495 passionibus

17 1507 126 1548 acies
146 1509 347 1563 'quaedam
383 1508 508 1549 virilis
537 1510 733 1550 occurrit.
770 1509 957 1550 Decurso
987 1517 1126 1550 autem
1158 1509 1372 1565 periculo,

16 1577 121 1618 nihil
142 1578 261 1619 obest
288 1578 320 1619 si
341 1578 552 1620 molliores
579 1578 850 1636 cogitationes
872 1578 1144 1620 validioribus
1168 1579 1375 1635 copulen-

15 1654 108 1695 tur3
137 1663 222 1689 non
251 1656 298 1690 ut
321 1648 634 1690 effoeminentur
662 1665 682 1689 a
708 1649 971 1690 mollioribus
994 1648 1210 1695 fortiores,
1231 1649 1304 1688 scd
1326 1655 1374 1688 ut
1413 1687 1416 1690 ,

15 1718 226 1759 molliores
262 1734 406 1760 sensus
436 1720 550 1760 velut
582 1718 834 1775 quibusdam
869 1718 1056 1759 virilibus
1091 1718 1368 1764 roborentur,

18 1801 114 1828 cum
136 1788 276 1829 omnia
295 1787 464 1829 consilia
483 1796 621 1829 nostra
641 1789 693 1829 ad
714 1788 910 1829 virtutem
926 1821 936 1836 ,
955 1787 1159 1843 justitiam
1173 1820 1184 1835 ,
1206 1786 1374 1842 integri-

16 1864 142 1898 tatem
156 1889 166 1905 ,
186 1857 473 1899 fortitudinem
491 1857 737 1914 dirigantur,
762 1857 803 1898 et
821 1859 1004 1913 quodam
1027 1873 1105 1897 usu
1123 1855 1372 1898 seminario-

15 1941 97 1982 que
131 1927 333 1968 virtutum
370 1927 501 1968 creari
539 1935 662 1984 atque
696 1929 935 1969 adolescere
972 1927 1131 1983 possint
1169 1926 1371 1967 validiora

16 1997 200 2038 consilia.
224 1997 317 2040 Non
339 2006 402 2055 est
422 1998 547 2055 igitur
570 1998 690 2047 utile,
717 2013 814 2039 cum
836 1998 1034 2038 vitiorum
1060 1997 1195 2053 aliqua
1218 1996 1372 2037 confu-

15 2065 74 2107 sio
101 2074 164 2108 est
182 2082 273 2123 quae
296 2075 480 2109 mentem
503 2076 706 2124 occupet,
735 2083 872 2109 serere
896 2068 1053 2123 aliquas
1070 2066 1368 2123 cogitationes,

16 2143 138 2192 atque
167 2152 365 2193 generare
388 2145 430 2178 et
461 2138 666 2194 parturire
696 2146 893 2179 mentem.
934 2137 1040 2178 Cum
1071 2144 1211 2177 autem
1250 2151 1346 2177 eom

14 2221 164 2264 pressa:
202 2207 358 2249 fuerint
391 2208 662 2265 cupiditates,
701 2216 743 2249 et
780 2223 897 2249 mens
940 2206 1217 2263 requieverit,
1265 2214 1368 2247 tunc

16 2276 235 2318 seminario
256 2279 438 2333 quodam
457 2278 768 2336 disceptationis
787 2285 960 2334 accepto
974 2309 983 2325 ,
1002 2276 1174 2318 virtutes
1198 2284 1372 2333 possunt

15 2353 56 2387 et
76 2345 187 2387 bona
205 2362 328 2404 opera
346 2347 586 2404 germinari.

63 2451 69 2463 ¹
94 2442 171 2473 Luc.
190 2453 279 2477 xvii,
300 2443 351 2482 26,
370 2453 419 2484 ²7·
