1742 3233
283 227 368 285 296
828 246 857 275 s.
899 248 1086 278 AMBROSII

276 319 440 362 crimen
471 337 579 370 csse,
614 325 677 364 vel
710 327 1056 384 concupiscentice
1092 328 1253 370 crimen
1288 329 1488 373 admittat.
1523 332 1631 389 Ergo

282 394 514 434 secuudum
542 394 870 450 perfunctoriam
893 399 1109 440 scientiam
1134 401 1268 441 uoluit
1288 400 1399 443 Deus
1420 402 1638 464 hominem

282 462 388 503 scire
416 465 528 519 quod
555 467 713 506 malum
744 476 819 515 cst,
859 484 910 509 ue
940 469 1054 525 quasi
1089 469 1358 527 imperfectus
1390 472 1520 513 vitare
1550 487 1634 514 non

279 541 432 588 posset.
479 534 571 575 Non
608 536 844 577 obediendo
888 547 1028 579 autem
1065 541 1263 581 mandato
1300 540 1551 581 incurrimus
1594 540 1634 580 in

281 604 475 658 culpam:
503 619 601 661 ergo
631 607 797 662 culpam
820 608 1010 649 fatemur.
1041 608 1202 650 Rursus
1227 617 1367 651 autem
1391 609 1423 650 si
1444 611 1570 651 altam
1595 616 1636 650 et

277 674 531 729 profundam
557 676 772 717 scientiam
805 677 981 719 dicimus
1003 679 1104 720 boni
1127 688 1168 720 ct
1190 680 1313 728 mali,
1345 695 1435 736 quae
1468 679 1636 736 quidem

279 742 487 798 profunda
509 745 681 786 scientia
703 748 937 802 perfectum
958 748 1079 796 sacit3
1104 764 1187 790 non
1209 750 1348 791 statim
1373 757 1513 791 autem
1539 764 1638 806 par—

282 814 402 854 vulus
426 814 495 870 qui
519 816 571 855 ad
594 817 718 857 altam
741 825 782 858 ct
804 818 1053 873 profundam
1075 819 1292 861 scientiam
1315 819 1532 876 pervenire
1555 834 1638 861 nou

277 883 431 939 potuit,
456 892 571 926 recte
591 886 700 927 sicut
717 902 802 928 non
819 889 1018 944 parvulus
1037 890 1356 931 condemnatur.

341 954 522 996 XXXII.
562 956 718 998 Iterum
731 958 978 1014 quaestioncs
992 968 1135 1001 serunt
1149 975 1157 1001 :
1171 961 1253 1011 Qui
1267 960 1415 1009 nescit,
1428 960 1638 1016 inquiunt,

286 1024 445 1065 bonum
469 1034 509 1066 et
532 1029 707 1076 malum,
728 1045 780 1070 ue
799 1030 935 1086 ipsum
955 1030 1123 1086 quidem
1142 1031 1257 1073 novit
1277 1046 1365 1073 esse
1381 1032 1540 1072 malum
1557 1045 1642 1071 non

284 1110 447 1137 servare
480 1099 750 1148 mandatum,
789 1115 865 1141 uec
898 1101 1034 1157 ipsum
1067 1101 1229 1143 bonum
1270 1101 1398 1149 novit,
1437 1101 1549 1156 quod
1582 1108 1644 1141 est

287 1165 458 1207 obedire
493 1169 703 1210 mandato.
740 1170 792 1210 Et
825 1171 917 1211 ideo
950 1171 1046 1226 quia
1076 1186 1160 1212 nou
1195 1179 1384 1219 noverat,
1410 1170 1545 1218 venia,
1580 1169 1647 1210 in-

281 1235 453 1290 quiunt,
479 1237 627 1293 dignus
648 1239 726 1279 suit
748 1240 817 1295 qui
840 1256 924 1281 non
947 1241 1154 1289 obedivit,
1175 1257 1258 1282 non
1277 1239 1639 1282 condemnatione.

288 1306 392 1357 Quae
416 1307 586 1362 quidem
605 1310 775 1364 quaestio
800 1312 851 1352 de
870 1311 932 1352 his
952 1311 1258 1353 absolutionem
1280 1311 1422 1359 habet,
1444 1325 1534 1366 quae
1551 1316 1647 1350 ante

286 1377 621 1419 memoravimus.
644 1378 919 1422 Considerare
946 1381 1059 1422 enim
1079 1382 1215 1438 potuit
1236 1381 1364 1423 homo
1386 1396 1437 1422 ex
1459 1380 1525 1428 iis,
1550 1394 1642 1435 quae

288 1447 402 1488 Deus
424 1456 517 1489 ante
540 1449 577 1489 ei
601 1451 858 1499 contulerat,
883 1453 997 1507 quod
1018 1452 1343 1493 insufflationem
1362 1451 1440 1493 Dei
1462 1449 1645 1506 accepit,

294 1519 408 1573 quod
428 1527 517 1560 crat
538 1519 579 1560 in
600 1521 793 1576 paradiso
817 1522 1039 1578 voluptatis
1059 1524 1238 1571 locatus,
1258 1537 1466 1564 summam
1488 1520 1650 1562 auctori

293 1588 577 1630 obedientiam
601 1589 884 1634 deserendam.
910 1592 963 1634 Et
986 1593 1077 1634 ideo
1104 1594 1134 1634 si
1157 1593 1241 1635 vim
1259 1593 1473 1635 nesciebat
1490 1591 1591 1633 honi
1609 1599 1651 1632 et

295 1658 415 1706 mali;
441 1667 581 1702 tamen
603 1661 699 1716 quia
726 1670 940 1704 tantorum
963 1672 1109 1705 auctor
1131 1663 1292 1705 dixerat
1314 1665 1365 1706 (le
1387 1663 1498 1720 ligno
1523 1662 1653 1704 scien-

294 1728 361 1769 tiae
393 1729 492 1770 boni
523 1738 565 1771 et
597 1731 695 1772 mali
725 1746 809 1772 non
842 1748 931 1774 esse
958 1735 1228 1789 gustandum,
1256 1732 1383 1775 fidem
1402 1731 1653 1790 praeceptori

296 1815 460 1842 servare
487 1801 702 1843 debuerat.
739 1803 831 1845 Non
853 1803 965 1845 enim
988 1804 1038 1845 ab
1061 1819 1110 1845 eo
1136 1804 1302 1861 peritia,
1339 1805 1412 1844 sed
1443 1801 1546 1844 fides
1566 1801 1653 1843 exi-

295 1872 483 1927 gebatur.
521 1871 784 1929 Intelligcbat
813 1874 957 1930 utiquc
979 1875 1116 1916 Deum
1143 1875 1340 1915 omnibus
1360 1872 1650 1930 praeeminere,

298 1941 476 1997 ideoque
508 1957 729 1999 personam
759 1943 944 1999 jubentis
974 1953 1164 2001 spectare
1198 1945 1414 1986 debuerat.
1450 1943 1537 1984 Etsi
1568 1956 1653 1983 non

299 2012 559 2068 intelligebat
589 2012 673 2053 vim
703 2014 1031 2070 qualitatemque
1053 2015 1265 2071 jussorum
1276 2031 1287 2062 3
1323 2014 1483 2056 sciebat
1513 2021 1654 2054 tamen

300 2085 547 2140 praeccptori
572 2087 841 2129 deferendam
862 2102 950 2128 esse
974 2085 1262 2128 reverentiam.
1297 2083 1489 2125 Habebat
1517 2082 1558 2123 in
1581 2097 1656 2123 na—

302 2162 394 2196 tura
416 2156 524 2198 hauc
547 2157 811 2213 opinionem,
844 2157 921 2199 etsi
952 2172 1035 2198 non
1058 2156 1243 2197 hahebat
1263 2154 1471 2211 judicium
1494 2153 1593 2195 boni
1616 2161 1658 2195 et

301 2225 412 2267 mali.
450 2227 641 2283 Denique
673 2236 715 2269 et
746 2227 896 2269 mulier
929 2227 1109 2284 serpenti
1142 2226 1304 2268 dixitz«
1321 2225 1381 2266 Ex
1404 2225 1517 2266 omni
1546 2224 1657 2282 ligno

302 2296 509 2352 »paradisi
532 2298 910 2339 manducabimus:
935 2299 987 2340 de
1009 2297 1150 2338 fructu
1173 2305 1313 2337 autem
1334 2295 1435 2352 ligni
1456 2296 1570 2351 quod
1596 2302 1660 2336 est

304 2366 375 2407 nin
415 2367 553 2409 medio
595 2368 786 2425 paradiso
814 2369 918 2411 dixit
951 2369 1062 2410 Deus
1093 2383 1102 2409 ε
1137 2367 1228 2410 Non
1259 2365 1569 2408 manducabitis
1610 2381 1660 2406 ox

303 2454 318 2475 »
334 2436 423 2478 00¹.
442 2456 456 2475 »
473 2438 530 2478 Ita
563 2454 662 2496 ergo
689 2439 848 2481 sciebat
870 2438 1154 2481 obediendum
1178 2453 1267 2479 esse
1288 2437 1504 2484 mandato,·
1526 2442 1574 2476 ut
1596 2435 1661 2476 di-

302 2516 415 2549 ceret
442 2522 482 2548 z«
503 2509 562 2551 Ex
585 2509 700 2552 omni
720 2509 862 2553 fructu
882 2508 1260 2557 manducabimus,
1285 2508 1430 2565 »quod
1456 2505 1660 2556 Dominus

356 2607 364 2621 ¹
385 2599 469 2632 Gen.
489 2610 539 2637 iu,
556 2600 588 2633 5.

1732 2239 1736 2248 ι

1733 2275 1737 2284 ι

1734 2302 1736 2319 t
