1747 3260
371 336 387 362 1
402 319 451 361 16
907 331 936 357 5.
978 331 1166 358 Asissnosn

362 431 378 452 1)
394 409 543 453 01111111.
565 427 580 448 1)
605 409 713 466 Ergo
737 409 804 449 illa
830 408 963 449 anima
988 409 1177 449 mulieris
1199 408 1316 465 quasi
1340 408 1609 451 circumfossa
1627 425 1716 453 res-

363 482 514 541 piravit
527 514 537 530 ,
563 489 603 522 et
619 488 758 521 erecta
775 488 849 521 est.

421 553 486 594 LI.
525 550 608 592 Sed
625 551 771 591 eadem
788 549 879 590 vitis
899 549 967 590 ubi
986 548 1257 590 circumfossa
1280 547 1403 590 fuerit
1417 582 1427 598 ,
1452 550 1651 606 religatur
1673 559 1716 592 et

363 623 556 681 erigitur,
587 637 640 663 ne
672 621 910 662 reflectatur
942 621 983 662 in
1016 628 1180 662 terram.
1220 618 1480 662 Rcciduntur
1514 621 1591 662 alia
1628 636 1717 662 sar-

360 703 500 736 menta
516 726 526 741 ,
553 693 628 734 alia
653 699 937 749 propagantur
958 707 966 732 :
994 691 1241 732 reciduntur
1261 707 1351 748 quae
1380 691 1490 733 inani
1512 692 1715 735 effusione

360 764 595 810 luxuriant,
622 769 908 818 propagantur
931 777 977 802 ea
1005 777 1095 817 quae
1117 762 1252 802 bonus
1271 762 1448 819 agricola
1466 762 1715 819 judicaverit

359 833 585 876 fructuosa.
611 831 725 882 Quid
738 846 813 888 ego
835 831 1185 873 adminiculorum
1204 832 1385 880 ordines,
1405 832 1714 889 jugationisque
1743 849 1747 889 1

361 904 595 946 describam
615 902 788 959 gratiam
804 934 814 950 ,
836 917 926 957 qua}
943 917 1039 942 vero
1058 910 1180 958 atque
1203 902 1418 943 manifeste
1435 903 1713 958 aequalitatem
1742 899 1747 946 ἑ

362 976 516 1017 docent
537 974 578 1014 in
599 973 786 1014 Ecclesia
810 987 899 1013 esse
928 973 1172 1013 servandam
1187 1005 1196 1020 ,
1223 980 1268 1013 ut
1290 987 1414 1013 nemo
1437 988 1478 1013 se
1499 973 1610 1014 dives
1643 981 1715 1015 aut
1742 957 1746 1014 i

359 1044 590 1088 honoratus
627 1043 818 1090 extollat,
857 1057 980 1083 nemo
1012 1057 1172 1099 pauper
1213 1041 1404 1097 dejiciat,
1438 1042 1715 1099 ignobilisque
1742 1024 1745 1039 ὓ

361 1113 580 1174 desperet?
604 1113 812 1155 Omnibus
832 1112 882 1153 sit
905 1112 945 1153 in
969 1112 1155 1153 Ecclesia
1178 1127 1254 1169 par
1273 1121 1396 1168 atque
1418 1127 1500 1154 una
1517 1112 1712 1162 libertas,
1740 1136 1747 1164 ς

360 1187 555 1229 011111111115
575 1183 838 1241 impertiatur
852 1182 1010 1239 justitia
1029 1183 1263 1224 communis
1283 1191 1322 1224 et
1347 1183 1488 1240 gratia.
1513 1184 1612 1225 Ideo
1630 1192 1717 1225 tur·
1738 1189 1742 1238 ξ

358 1258 414 1299 ris
438 1257 479 1297 in
502 1255 640 1297 medio
658 1262 717 1295 est
734 1287 743 1302 ,
767 1268 858 1309 quae
878 1254 1115 1310 exemplum
1136 1254 1186 1294 de
1204 1253 1281 1293 illis
1299 1253 1542 1302 rusticanis,
1564 1254 1614 1294 de
1638 1253 1715 1297 {His

361 1325 630 1369 circumferat
645 1323 947 1382 piscatoribus,
974 1322 1045 1378 qui
1068 1323 1268 1363 virtutum
1293 1337 1433 1364 arcem
1459 1331 1601 1364 tenere
1624 1338 1716 1364 me-
1736 1332 1740 1353 ¹

357 1404 536 1439 ruerunt
557 1410 565 1436 :
587 1409 768 1451 quorum
785 1392 983 1449 exemplis
1001 1400 1142 1433 noster
1160 1393 1343 1450 erigatur
1360 1392 1532 1434 affectus
1548 1426 1558 1442 ,
1579 1408 1716 1449 neque
1735 1378 1740 1454 ἑ

357 1467 476 1510 11111111
499 1465 589 1507 vifis
607 1473 648 1506 ct
670 1462 934 1521 despicabilis
955 1462 1116 1520 jaceat3
1142 1464 1215 1504 sed
1237 1463 1569 1520 uniuscujusque
1595 1458 1738 1517 mensi

359 1539 410 1580 ad
428 1536 642 1594 superiora
659 1550 701 1576 se
718 1533 924 1590 subrigat,
944 1541 989 1574 ut
1014 1535 1164 1575 audeat
1187 1534 1325 1575 dicere
1343 1549 1350 1575 :
1369 1552 1384 1572 «
1402 1534 1549 1576 Nostra
1575 1543 1715 1577 autem

359 1605 618 1650 conversatio
647 1605 689 1646 in
720 1604 834 1646 cmlis
866 1602 969 1645 est².
1001 1622 1015 1641 »
1045 1604 1162 1645 Unde
1194 1619 1246 1645 ne
1280 1604 1486 1660 aliquibus
1520 1595 1736 1662 procelliS}

359 1676 645 1735 smculipossit
666 1675 848 1723 ressecti,
871 1682 912 1715 et
930 1682 1174 1731 tempestate
1204 1674 1377 1722 deduci,
1403 1666 1613 1716 claviculis
1637 1664 1735 1753 illisi

358 1758 400 1791 et
427 1747 593 1790 circulis
618 1747 734 1804 quasi
763 1745 1023 1802 amplexibus
1052 1744 1263 1786 charitatis
1288 1745 1499 1802 proximos
1527 1760 1733 1801 quosque!

360 1817 673 1876 complectitur,
699 1816 798 1857 etin
816 1829 963 1856 eorum
986 1814 1284 1871 conjunctione
1307 1814 1541 1870 requiescit.
1566 1814 1732 1886 Chai-17

357 1897 420 1931 tas
444 1895 505 1929 est
527 1887 653 1945 igitur
670 1901 761 1942 quae
779 1900 854 1926 1105
872 1884 1154 1941 superioribus
1172 1884 1323 1933 nectit,
1345 1886 1535 1941 coeloque
1553 1884 1710 1928 inserit.
1726 1889 1732 1910 ²

357 1959 442 2011 Qui
464 1957 577 1999 onim
604 1963 746 1997 manet
770 1954 812 1996 in
835 1953 1061 2002 charitate,
1087 1954 1196 1995 Dens
1219 1954 1259 1996 in
1283 1970 1333 1996 eo
1354 1963 1508 1996 manet.
1538 1955 1656 1997 Unde
1673 1957 1730 2017 et}

354 2027 561 2074 Dominus
577 2026 656 2068 ait:
676 2043 690 2063 «
707 2025 870 2067 Manete
893 2024 934 2065 iu
951 2039 1018 2066 me
1032 2057 1043 2073 ,
1061 2032 1102 2066 et
1119 2040 1195 2082 ego
1212 2025 1253 2065 in
1270 2025 1401 2067 vobis.
1419 2024 1538 2067 Sicut
1554 2023 1730 2085 palmes}

357 2117 374 2138 n
388 2114 474 2141 non
497 2104 634 2155 potest
656 2095 841 2137 fructum
860 2093 1008 2136 afferre
1029 2109 1049 2135 a
1073 2110 1131 2142 se,
1151 2094 1440 2137 nisimanserit
1458 2095 1500 2136 in
1521 2095 1630 2144 vite;
1654 2093 1727 2155 sic}

356 2189 372 2211 ι
388 2178 430 2212 et
450 2183 522 2211 vos
539 2200 549 2217 ,
575 2167 606 2208 si
629 2166 670 2208 in
691 2181 759 2207 me
780 2180 864 2207 non
888 2164 1135 2206 manseritis.
1164 2164 1251 2223 Ego
1275 2180 1367 2207 sum
1394 2165 1508 2214 vitis,
1538 2179 1608 2207 vos
1629 2158 1727 2222 Pal'i

1321 2238 1339 2251 Q

355 2241 509 2284 »mites
530 2236 669 2280 estis³.
692 2256 708 2276 n
1722 2284 1724 2286 Ι

411 2311 497 2354 LII.
536 2309 761 2351 Evidenter
797 2306 921 2365 igitur
952 2307 1191 2364 exemplum
1223 2306 1315 2348 vitis
1353 2307 1404 2348 ad
1435 2313 1586 2348 nostrae
1617 2305 1724 2354 tiitaess

354 2381 661 2426 institutionem
686 2378 982 2420 arcessendum
1005 2392 1093 2419 esse
1117 2376 1313 2434 signavit,
1334 2392 1424 2433 quae
1440 2377 1623 2434 primum
1640 2363 1723 2417 ve-'

355 2454 412 2496 ris
434 2440 639 2510 tepefacta
658 2443 858 2507 temperie
881 2463 1091 2506 gemmare
1113 2447 1360 2505 perhibetur
1380 2463 1388 2489 :
1410 2447 1561 2489 deinde
1576 2463 1627 2488 ex
1647 2446 1713 2505 ip-

355 2524 409 2568 sis
441 2529 750 2566 sarmentorum
783 2517 966 2561 articulis
999 2517 1183 2559 fructum
1219 2518 1440 2566 emittere,
1477 2519 1528 2559 de
1559 2516 1711 2574 quibus

355 2596 493 2639 oriens
530 2608 606 2635 uva
642 2591 861 2640 formatur,
898 2589 1181 2647 paulatimque
1217 2604 1466 2646 augescens,
1499 2570 1720 2651 immaturis

1717 2430 1722 2452 5

401 2697 409 2713 ¹
430 2684 548 2720 Mauh.
571 2695 616 2722 xi,
634 2684 686 2716 28.
708 2702 745 2708 —
767 2694 778 2708 ²
799 2682 915 2726 Philip.
936 2693 987 2722 111,
1008 2692 1059 2713 20.
1078 2699 1117 2705 —
1137 2682 1149 2704 ³
1167 2680 1260 2713 Joan.
1283 2690 1336 2720 xv,
1351 2679 1381 2718 4,
1399 2680 1428 2711 5.

1711 2733 1716 2789 ἓ

1710 2812 1715 2833 θ’

1706 2951 1711 3009 ἒ

1705 3070 1709 3098 i
