1742 3233
328 248 412 295 588
869 265 899 292 s,
938 261 1126 293 AMBnosu

326 352 367 386 et
383 357 506 401 capra
519 342 639 385 terris
653 350 693 384 et
710 342 815 384 mari
831 343 1115 385 materialibus
1129 351 1423 400 comparentur
1434 344 1670 392 elementis,

326 421 368 455 et
393 413 490 469 quia
514 411 710 454 soeminea
737 411 954 455 dicantur:
976 421 1016 454 at
1039 428 1136 454 vero
1157 413 1260 455 aries
1281 415 1513 456 masculum
1539 415 1675 470 quod—

325 483 421 524 dam
439 482 592 532 animal
607 490 690 530 est,
710 481 933 524 vehemens
959 490 1128 529 natura,
1147 490 1188 523 et
1206 482 1435 524 violentum
1454 483 1668 525 cornibus.

325 552 525 593 Similiter
547 560 685 593 autem
709 552 814 594 aeris
836 552 962 608 hujus
987 552 1154 610 spiritus
1175 552 1307 594 vitalis
1331 561 1416 600 est,
1442 561 1490 594 ut
1513 567 1677 595 mascu-

323 622 388 663 lus
420 630 567 663 auctor
592 630 634 664 et
658 636 783 663 causa
815 621 1098 678 gignentium,
1124 636 1295 662 movens
1322 630 1530 663 terrarum
1557 622 1676 679 geni-

323 691 442 740 talia,
467 699 508 733 et
528 692 641 733 velut
674 691 854 747 quadam
887 707 929 732 se
957 691 1136 733 miscens
1165 692 1330 747 copula.
1358 691 1485 733 Aliud
1507 707 1605 749 ergo
1628 693 1679 733 ad

325 767 505 809 terram,
535 760 648 802 aliud
675 762 725 801 ad
754 775 891 810 mare,
921 761 1034 802 aliud
1064 763 1115 802 ad
1144 765 1281 802 aerem
1309 761 1475 803 vitalem
1502 762 1679 819 mystice

326 828 530 886 figuratur
550 829 704 871 horum
732 830 860 871 trium
880 830 1157 872 animantium
1173 846 1317 887 genus.

383 899 449 941 LI.
488 900 586 941 Haec
608 900 776 941 traditio
799 900 998 942 naturalis
1016 909 1078 942 est
1105 916 1113 942 :
1139 901 1211 942 sed
1236 901 1405 943 moralis
1426 902 1552 944 etiam
1576 917 1680 944 con-

327 969 458 1010 currit
482 978 524 1011 et
540 970 733 1026 suppetit.
758 970 805 1011 In
823 971 1018 1011 omnibus
1036 971 1149 1012 enim
1172 972 1415 1013 hominibus
1437 988 1556 1021 carO,
1585 989 1678 1015 sen-

328 1054 418 1087 sim,
448 1048 490 1082 et
519 1041 695 1082 verbum
725 1049 799 1082 est.
837 1040 944 1082 Caro
977 1050 1117 1083 nostra
1135 1042 1272 1096 ssvitula
1300 1051 1361 1084 cst
1393 1057 1401 1083 :
1428 1043 1611 1090 laborat,
1636 1052 1682 1093 ut
1740 1030 1742 1049 ³

329 1116 437 1150 serat
457 1124 466 1150 :
486 1110 673 1158 laborat,
699 1118 745 1151 ut
768 1111 934 1166 colligat
955 1126 964 1151 ε
991 1111 1175 1157 laborat,
1200 1120 1245 1152 ut
1268 1112 1402 1168 pariat
1423 1128 1431 1153 :
1453 1113 1682 1155 innumeris

327 1179 522 1236 fatigatur
544 1180 770 1222 laboribus.
804 1181 921 1222 [nde
949 1188 990 1221 et
1011 1180 1145 1222 Graeci
1162 1183 1269 1235 δάμω
1288 1182 1486 1224 dixerunt
1507 1182 1683 1223 vitulam

328 1251 401 1287 ἀπὸ
433 1248 473 1288 οὔ
502 1250 676 1302 δαμᾶσθαί
703 1268 741 1301 με
767 1253 899 1298 oceri-5
932 1263 981 1290 eo
1011 1250 1125 1305 quod
1152 1251 1348 1292 dometur
1379 1251 1541 1306 injuriis
1571 1251 1679 1309 (56).

326 1314 607 1358 Masculorum
621 1317 753 1358 boum
774 1317 937 1367 labore,
955 1326 1091 1360 aratro
1106 1351 1116 1364 .
1136 1328 1177 1361 et
1191 1319 1292 1377 jugo
1314 1320 1519 1377 fungitur,
1543 1321 1686 1362 soemi-

330 1400 430 1427 neos
462 1393 604 1443 partus
631 1395 899 1445 repraesentat
927 1403 1026 1429 cum
1055 1391 1187 1431 multo
1218 1390 1359 1431 ubere.
1390 1389 1496 1431 Caro
1520 1406 1686 1447 quoque

330 1464 471 1499 nostra
497 1458 590 1499 vitae
613 1458 729 1500 istius
758 1459 1007 1516 subjugatur
1029 1460 1373 1509 necessitatibus,
1402 1461 1560 1503 crebris
1589 1478 1687 1517 qua-

330 1527 431 1569 titur
444 1520 657 1571 doloribus
670 1561 680 1577 ,
701 1538 743 1571 et
758 1530 990 1571 multarum
1013 1545 1297 1572 aerumnarum
1314 1531 1496 1587 quodam
1515 1539 1686 1573 curvata

330 1607 454 1655 partu
480 1600 669 1641 senescit.
697 1599 722 1641 J
727 1615 792 1641 am
812 1600 915 1641 illud
936 1600 1027 1656 quis
1051 1600 1238 1657 ignorat,
1259 1601 1373 1657 quod
1398 1602 1687 1644 vehementior

332 1667 384 1709 sit
415 1668 546 1711 virtus
575 1669 744 1717 animae,
770 1669 839 1711 cui
869 1671 984 1711 velut
1005 1679 1135 1726 nupta
1170 1670 1353 1712 adhaeret
1383 1671 1425 1712 in
1456 1671 1572 1713 istius
1594 1672 1688 1713 vitae

332 1752 458 1780 cursu
474 1739 701 1797 corporalis
713 1740 942 1782 substantia
957 1739 1140 1782 PSensus
1158 1749 1299 1782 autem
1316 1741 1447 1782 nostri
1465 1755 1688 1798 caprarum

330 1810 456 1850 modo
478 1810 590 1851 velut
615 1811 722 1851 saltu
746 1811 930 1866 quodam
956 1810 1155 1859 exiliunt,
1185 1819 1227 1853 et
1248 1817 1478 1867 pascuntur
1499 1825 1689 1867 praerup-

332 1878 528 1928 tioribus,
547 1879 708 1936 impetu
730 1895 805 1921 suo
826 1880 903 1938 ipsi
928 1880 1231 1921 commotiones
1255 1880 1487 1921 excitantes
1512 1879 1658 1920 animae
1674 1912 1684 1928 ‚

331 1956 371 1990 et
389 1950 679 1992 concutientes
701 1966 805 1992 eam.
835 1950 899 1992 Ad
917 1966 1088 1991 omnem
1110 1945 1378 1991 occasionein
1397 1957 1547 2006 praesto
1564 1957 1686 1997 sunt,

329 2021 394 2062 vel
421 2035 603 2063 occursu
624 2021 832 2063 soemineae
855 2020 1184 2078 pulchritudinis
1199 2052 1210 2068 ‚
1235 2021 1299 2061 vel
1325 2021 1454 2061 odore
1479 2019 1689 2061 suavitatis

331 2090 520 2147 alicujus.
549 2090 707 2132 Auditu
728 2091 882 2148 pariter
902 2099 944 2132 et
966 2098 1084 2131 tactu
1104 2098 1334 2131 moventur
1354 2089 1570 2137 velociter,
1598 2088 1691 2145 qui-

329 2161 407 2202 bus
423 2161 549 2202 etiam
572 2162 719 2202 animae
747 2161 969 2206 inflectunt
986 2160 1265 2201 constantiam
1281 2191 1291 2207 ,
1314 2167 1357 2200 et
1374 2159 1488 2201 velut
1505 2174 1526 2200 a
1544 2166 1690 2200 natura

331 2231 394 2273 sui
415 2232 592 2274 alienant
610 2247 716 2273 eam.
745 2233 864 2273 [nde
884 2240 926 2272 et
949 2230 1138 2288 plerique
1158 2234 1310 2284 ἀφορμὴν
1336 2229 1497 2271 dictam
1518 2237 1688 2287 putant,

332 2302 428 2359 quia
451 2310 531 2360 ὁρμὴ
557 2302 735 2359 impetus
754 2302 932 2349 ‹licitur3
958 2316 1006 2342 eo
1025 2301 1140 2356 quod
1155 2315 1205 2341 ex
1223 2300 1408 2355 quodam
1425 2299 1585 2356 impetu
1604 2314 1692 2341 sen-

331 2388 454 2415 suum
473 2372 709 2415 inflexionis
727 2381 851 2429 atque
876 2371 1135 2414 alienationis
1153 2378 1307 2414 nostrae
1331 2385 1455 2412 causa
1477 2377 1686 2412 nascatur.

330 2444 536 2488 Foeminei
559 2452 699 2486 autem
716 2459 835 2486 sexus
858 2442 1040 2501 speciem
1057 2441 1185 2483 habet
1200 2473 1210 2490 ,
1231 2449 1278 2482 ut
1293 2441 1420 2483 etiam
1442 2456 1585 2483 sensus
1602 2455 1693 2483 nos-

331 2514 383 2556 tri
403 2516 576 2562 αἰσθήσεις
592 2529 726 2572 graece
749 2514 949 2558 dicuntur
970 2512 1166 2555 soemineo
1189 2511 1418 2554 vocabulo.
1443 2510 1692 2554 Effoetarum

327 2584 453 2630 modo
477 2583 737 2631 animantum
765 2584 846 2630 cito
871 2591 1120 2632 vacuantur,
1150 2582 1222 2627 ubi
1250 2589 1397 2639 partus
1415 2596 1498 2626 suae
1515 2595 1692 2638 genera-
