1747 3260
508 267 798 296 nExAnnann.
836 267 914 294 mn.
955 267 980 294 1.
1367 252 1422 312 57

70 347 182 391 enim
215 346 248 389 si
274 361 348 404 per
372 344 559 388 furorem
590 345 739 401 aliquis
770 345 1040 386 innocentem
1060 345 1308 401 peremerit,
1343 344 1422 385 ob-

69 418 216 462 noxius
240 418 364 460 morti
393 425 466 458 est.
496 415 738 467 Quinetiam
770 415 896 472 ipsius
925 414 1073 457 dlvinae
1098 414 1198 471 legis
1226 415 1421 462 oraculo,

69 489 102 531 si
127 489 217 545 quis
247 503 320 545 per
345 486 675 544 imprudentiam
699 485 886 528 intulerit
907 500 1054 527 necem
1070 517 1080 532 ,
1113 484 1264 542 accipit
1291 484 1425 541 impu-

68 559 207 600 nitatis
230 573 367 616 spem,
396 556 545 614 refugii
569 557 812 598 facultatem
828 588 838 604 ,
864 564 911 597 ut
932 556 1060 612 possit
1085 553 1302 596 evadere¹.
1331 553 1422 594 Hoc

68 628 193 686 igitur
214 629 263 670 de
281 643 329 670 eo
349 628 463 684 quod
479 627 648 685 proprie
666 628 824 668 malum
845 626 1025 674 videtur,
1045 625 1206 667 dictum
1229 624 1291 665 sit.
1316 623 1422 664 Mala

35 700 48 704 “
69 698 180 741 enim
210 715 294 740 uon
324 699 420 740 suut
454 699 532 740 nisi
561 714 652 755 quae
685 698 860 739 crimine
890 705 1076 738 mentem
1106 695 1354 752 implicant,
1381 701 1423 735 et

64 769 369 812 conscientiam
391 770 531 827 ligant.
563 769 771 810 Caeterum
790 767 1031 825 pauperiem
1046 799 1056 815 ,
1088 765 1390 823 ignobilitatem
1409 796 1419 811 ,

67 840 380 897 aegritudinem,
406 849 588 882 mortem
614 855 737 881 nemo
763 839 924 896 sapiens
948 840 1055 879 mala
1078 837 1248 884 dixerit,
1278 850 1355 877 nec
1381 835 1422 876 iu

66 911 276 951 malorum
310 918 418 952 sorte
449 910 756 958 numeraverit;
794 909 889 965 quia
919 923 996 950 nec
1022 906 1229 948 contraria
1262 905 1346 946 istis
1383 904 1424 945 in

67 979 187 1022 bonis
217 980 429 1022 habentur
455 981 668 1029 maximis,
700 994 880 1036 quorum
913 978 990 1019 alia
1026 976 1145 1019 nobis
1174 991 1225 1017 cx
1247 983 1421 1022 natura,

68 1051 144 1093 alia
168 1067 218 1092 ex
245 1053 544 1093 commoditate
572 1050 765 1092 accidere
786 1049 993 1090 videntur.

123 1119 307 1163 XXXII.
345 1121 436 1164 Non
472 1122 604 1163 otiose
638 1121 758 1162 nobis
800 1135 998 1161 excursus
1030 1118 1105 1159 iste
1129 1116 1352 1175 processit,
1376 1123 1422 1156 ut

67 1192 340 1249 probaremus
368 1192 560 1233 tenebras
592 1200 632 1233 et
665 1191 862 1248 abyssum
886 1189 1130 1246 simpliciter
1157 1187 1416 1244 accipienda.

65 1263 196 1304 Erant
226 1263 338 1304 enim
373 1263 555 1304 tenebrae
587 1263 638 1303 de
669 1261 993 1303 obumbratione
1021 1260 1140 1308 coeli3
1176 1258 1272 1315 quia
1296 1272 1424 1299 omne

22 1350 29 1351 ’
68 1347 218 1391 corpus
256 1333 475 1381 umbram,
514 1332 613 1375 facit
649 1347 729 1388 qua
767 1331 994 1373 obumbrat
1034 1332 1100 1372 vel
1139 1329 1316 1371 finitima
1358 1329 1425 1370 vel

67 1402 291 1452 inferiora,
322 1412 363 1446 et
399 1419 447 1444 ea
482 1403 686 1450 maxime,
726 1417 817 1458 quae
851 1401 1014 1459 operire
1047 1409 1170 1456 atque
1205 1400 1423 1441 includere

66 1475 241 1516 videtur.
279 1474 462 1516 Includit
496 1482 636 1515 autem
679 1472 773 1514 coeli
809 1473 955 1529 polus,
995 1471 1091 1527 quia
1121 1471 1277 1512 coelum
1310 1469 1419 1510 sicut

67 1559 232 1586 camera
243 1545 494 1592 extenditur,
510 1543 869 1599 quemadmodum
887 1557 1010 1599 supra
1024 1540 1416 1583 demonstravimus.

67 1614 158 1658 Non
181 1630 278 1672 ergo
295 1614 535 1672 principalis
558 1622 648 1655 erat
669 1613 890 1654 tenebrosa
912 1611 1144 1653 substantia
1171 1626 1179 1652 :
1209 1612 1282 1652 sed
1305 1609 1423 1666 quasi

66 1684 217 1726 umbra
247 1693 390 1726 secuta
425 1693 487 1726 cst
513 1684 660 1725 mundi
692 1698 843 1741 eorpus
873 1683 1004 1740 caligo
1035 1682 1316 1724 tenebrarum.
1345 1681 1427 1722 Ita-

68 1771 149 1812 que
183 1764 398 1798 momento
444 1755 592 1798 divina}
626 1754 919 1813 praeceptionis
956 1754 1139 1795 mundus
1179 1766 1422 1808 assurgens,

67 1827 176 1870 intra
211 1843 252 1869 se
282 1827 453 1869 inclusit
487 1827 708 1874 umbram;
745 1833 789 1867 ut
822 1826 854 1867 si
889 1825 980 1882 quis
1013 1825 1055 1866 in
1088 1823 1226 1881 campi
1257 1822 1423 1871 medio,

68 1913 193 1954 quem
222 1899 284 1939 sol
312 1898 566 1939 meridianus
604 1897 833 1944 illuminat,
867 1897 1008 1938 locum
1043 1896 1223 1952 aliquem
1251 1901 1425 1951 repente

67 1967 279 2025 obsepiat,
306 1976 346 2010 et
371 1968 508 2010 densis
535 1982 750 2009 ramorum
776 1966 994 2008 frondibus
1013 1974 1148 2023 tegat,
1174 1980 1314 2007 nonne
1342 1978 1425 2020 quo

67 2039 325 2097 splendidior
352 2038 452 2080 soris
477 2038 635 2096 species
657 2037 739 2079 loci
765 2037 855 2094 ejus
878 2036 1096 2094 effulgeat,
1125 2036 1206 2078 hoc
1235 2032 1425 2077 horrenti

67 2110 248 2166 desuper
265 2123 387 2150 scena
407 2108 466 2165 (3)
492 2108 755 2165 gurgustitun
769 2107 858 2164 ejus
877 2108 986 2149 intus
1009 2106 1229 2149 obscurius
1245 2105 1293 2147 fit
1307 2104 1324 2145 P
1340 2104 1426 2146 Aut

68 2181 181 2221 unde
205 2188 393 2228 antrum,
426 2180 615 2221 clausum
648 2178 834 2234 undique
861 2177 1105 2235 hujusmodi
1136 2178 1279 2219 locum
1304 2190 1425 2218 voca-

69 2259 191 2300 runt,
228 2250 306 2292 nisi
344 2251 459 2307 quod
494 2257 582 2291 atro
620 2249 879 2291 inhorrescat
911 2249 1019 2297 situ,
1058 2256 1182 2304 atque
1220 2245 1427 2288 offusione

63 2319 376 2368 tenebrarum?
402 2321 494 2362 Istae
526 2334 626 2377 ergo
655 2319 837 2360 tenebrae
866 2334 991 2377 super
1021 2331 1224 2374 aquarum
1254 2317 1425 2372 abyssos

67 2398 201 2433 erant.
234 2390 340 2433 Nam
368 2390 566 2448 abyssum
588 2389 903 2432 multitudinem
930 2397 972 2431 et
1001 2388 1260 2446 profundum
1294 2400 1426 2442 aqua-

67 2474 166 2502 rum
193 2461 275 2504 dici
292 2493 304 2510 ,
336 2461 462 2504 lectio
485 2461 700 2519 Evangelii
725 2461 875 2508 docet,
905 2459 979 2502 ubi
1006 2458 1211 2516 rogabant
1237 2455 1429 2499 Salvato-

69 2536 159 2573 vrem
182 2528 408 2581 daemonia,
434 2548 486 2574 ne
512 2532 680 2589 juberet
702 2531 780 2575 illis
810 2539 855 2573 ut
878 2531 920 2573 in
946 2530 1142 2587 abyssum
1164 2525 1314 2570 irent².
1342 2525 1427 2569 Sed

114 2630 122 2646 ¹
145 2621 249 2655 Exod.
267 2634 333 2664 xxi,
354 2623 401 2655 ιδ.
420 2641 460 2647 -
477 2633 489 2647 ¹
505 2624 583 2657 Luc.
597 2623 738 2663 v111,31.
