1742 3233
548 339 877 367 ANNOTATIONES.
1303 329 1387 384 627

44 416 227 474 suppleri
249 430 371 473 posse
394 417 533 458 addita
558 419 707 460 vocula
730 418 952 474 primum,
971 432 1098 475 quam
1125 419 1396 462 nihilominus

54 486 266 530 inducero
289 487 331 530 in
354 495 515 531 textum
538 489 624 531 ausi
638 503 723 531 non
739 503 893 530 sumus.
1240 479 1246 486 ⁸

403 671 645 700 ANNOTATIO
679 647 769 713 (32)
804 673 895 715 pag.
937 663 1031 700 501.

104 828 166 870 De
188 827 308 870 titulo
328 827 454 884 hujus
472 826 568 869 libri
585 827 641 869 ita
662 827 763 884 legis
777 860 788 876 ,
809 827 1043 870 Abraham
1068 827 1174 869 libri
1189 828 1325 884 hujus
1341 830 1398 870 ti-

49 898 167 940 tulus
181 908 253 940 est.
283 897 448 949 Quibus
471 913 493 939 e
516 898 692 940 vocibus·
706 898 870 956 gemina
894 907 1030 956 potest
1046 899 1159 940 nasci
1176 900 1392 943 dubitatio.

48 967 234 1010 PrImum
255 967 367 1009 enim
391 982 467 1009 cur
492 967 760 1017 Ambrosius,
786 967 891 1010 libri
907 968 1064 1025 hujus,
1090 967 1215 1018 dixit,
1241 984 1330 1011 non
1354 970 1402 1011 li-

51 1037 264 1080 brorum?
279 1038 489 1080 Dividitur
505 1047 619 1080 certe
638 1039 937 1080 commentatio
955 1039 1044 1080 haec
1067 1039 1108 1080 in
1127 1040 1230 1080 duos
1247 1039 1399 1088 libros;

49 1116 91 1149 et
107 1108 351 1150 divisionem
370 1108 549 1164 aliquam
566 1108 843 1150 necessariam
861 1122 950 1148 esse
970 1115 1063 1148 tran
1083 1121 1282 1164 magnum
1299 1109 1403 1150 illud

49 1178 267 1235 utriusque
289 1177 513 1220 discrimen
531 1179 642 1218 clarc
658 1177 861 1233 loquitur,
883 1186 974 1219 tum
995 1186 1163 1219 sanctus
1188 1178 1275 1235 ipse
1296 1178 1404 1221 Auc-

50 1258 131 1298 tor,
167 1250 238 1306 qui
273 1249 418 1307 primis
446 1249 695 1290 eorumdem
726 1247 933 1289 librorum
972 1248 1179 1305 capitibus
1202 1249 1404 1291 lucubra-

49 1319 208 1361 tionem
234 1334 353 1361 suam
386 1334 429 1361 se
458 1318 734 1376 partiturum,
766 1327 889 1375 atque
927 1319 1032 1360 adeo
1063 1318 1106 1359 id
1132 1318 1209 1360 sibi
1238 1319 1325 1375 jam
1352 1320 1403 1361 ab

49 1390 167 1441 initio
190 1389 313 1447 primi
335 1389 460 1431 fuisse
488 1388 749 1446 propositum
777 1389 875 1430 satis
902 1390 1100 1431 declarat.
1137 1390 1405 1448 Quapropter

50 1461 172 1503 nobis
197 1459 519 1518 persuaderetur
545 1459 660 1501 haud
686 1459 824 1502 invitis
854 1460 957 1502 illud
984 1460 1121 1518 operis
1143 1460 1252 1502 libro
1279 1461 1404 1502 unico

52 1531 102 1573 ab
136 1531 359 1574 Ambrosio
391 1530 766 1587 comprehensum,
802 1531 990 1588 partibus
1022 1546 1121 1572 vero
1149 1532 1340 1573 duabus:
1367 1540 1407 1574 at.

52 1601 140 1645 illas
170 1602 325 1644 secutis
367 1601 626 1659 temporibus
659 1601 865 1643 librorum
899 1601 1105 1646 vocabulo
1143 1601 1192 1642 ah
1228 1601 1299 1650 iis,
1335 1602 1405 1657 qui

51 1687 320 1730 summopore
343 1673 511 1714 easdem
533 1672 642 1714 inter
663 1687 706 1713 se
727 1672 965 1728 discrepare
998 1671 1404 1720 animadverterunt,

51 1741 178 1784 fuisse
204 1741 435 1800 inscriptas.
464 1742 630 1784 Etenim
652 1742 759 1784 liber
774 1742 934 1799 primus
955 1756 977 1782 a
997 1740 1105 1783 Jona
1126 1742 1407 1783 Aurelianen-

54 1813 164 1855 sium
186 1813 408 1870 episcopo,
432 1812 502 1869 qui
530 1813 608 1854 sub
637 1811 788 1854 Carolo
815 1811 943 1853 Calvo
964 1812 1217 1868 imperatore
1238 1812 1406 1860 floruit,

55 1885 96 1926 in
119 1885 261 1927 lib.'11
293 1886 344 1926 de
367 1883 547 1925 Institut.
586 1883 720 1925 laicali
751 1883 865 1925 haud
894 1885 1023 1924 semel
1064 1883 1336 1932 nominatur3
1368 1891 1411 1925 et

55 1955 167 2012 apud
194 1955 415 2012 Hugonem
432 1954 483 1995 de
511 1954 664 1996 Sancto
689 1953 858 1996 Victore
890 1953 1040 1995 citatus
1069 1955 1277 2011 reperitur
1303 1955 1411 1996 liber

55 2025 278 2067 secundus.
333 2023 518 2066 Alteram
560 2032 700 2065 autem
749 2024 862 2066 circa
903 2024 1073 2066 titulum
1120 2024 1412 2067 difficultatem

53 2103 197 2136 movet
232 2095 345 2151 quod
376 2094 598 2139 Gratianus
627 2109 673 2135 ac
706 2094 753 2136 Β.
791 2093 998 2142 Thomas,
1030 2093 1181 2151 aliique
1220 2094 1411 2153 nonnulli

55 2179 148 2222 quae
177 2165 417 2207 testimonia
445 2180 496 2206 ex
532 2164 614 2206 hoc
646 2172 827 2206 tractatu
858 2165 1137 2221 depromunt,
1159 2179 1207 2206 ea
1230 2165 1280 2205 in
1299 2163 1412 2206 libro

55 2237 109 2279 de
129 2235 383 2280 Patriacht‘s
398 2243 539 2278 extare
556 2235 714 2277 dicunt.
739 2234 822 2277 Sed
846 2250 867 2277 a
884 2234 968 2276 fide
997 2235 1243 2292 neutiquam
1264 2236 1396 2278 abhor

56 2315 121 2350 ret
147 2315 338 2350 auctores
365 2307 458 2349 illos
488 2306 530 2347 in
562 2306 784 2363 excerptis
804 2320 849 2347 ac
880 2305 996 2347 libris
1022 2305 1105 2347 suis
1140 2304 1211 2347 SS.
1239 2305 1413 2348 Patrum

57 2393 184 2436 opera
218 2392 269 2421 eo
311 2378 435 2420 titulo
469 2377 542 2433 qui
576 2385 679 2418 tunc
720 2376 920 2434 temporis
958 2375 1149 2418 usitatior
1189 2384 1297 2425 erat,
1328 2377 1415 2419 lau-

62 2450 162 2492 dare
211 2449 365 2492 solitos.
411 2448 702 2499 Quamobrem
748 2448 818 2489 diu
870 2454 988 2489 antea
1031 2446 1142 2488 hanc
1179 2455 1415 2491 memorato

59 2521 178 2579 operi
224 2521 378 2563 factam
418 2518 737 2576 inscriptionem
769 2518 863 2575 jure
903 2516 1066 2563 dixeris.
1102 2517 1155 2559 Et
1183 2516 1290 2559 forte
1326 2534 1414 2561 non

61 2592 163 2635 alius
192 2591 291 2635 huic
315 2591 376 2634 rei
404 2591 546 2634 locum
577 2590 738 2632 dederit
758 2622 769 2638 ‚
796 2604 922 2646 quam
962 2586 1246 2632 Cassiodorus.
1306 2589 1413 2633 Cum

59 2661 187 2710 enims
198 2661 255 2709 ita
275 2660 490 2720 loquitur:
516 2658 542 2703 I
547 2668 631 2705 tem
648 2669 823 2704 sanctus
845 2656 1109 2703 Ambrosias
1132 2658 1184 2701 de
1213 2658 1415 2703 Patriar-

1154 2730 1224 2780 Ao.
