1742 3233
329 270 414 325 492
878 282 907 308 5.
947 282 1135 309 111111110511

330 368 492 418 poterat
521 359 613 400 fieri
643 366 690 400 ut
727 359 887 400 bonum
917 366 1134 416 generaret
1166 357 1324 406 filium,
1352 359 1421 415 qui
1452 358 1537 416 ipse
1567 360 1680 401 bono

327 429 435 486 patri
468 443 674 484 nequam,
709 436 750 469 et
776 427 885 469 filius
913 437 952 470 et
977 436 1135 469 naturae
1163 436 1205 469 et
1225 427 1469 469 eruditionis
1500 430 1681 485 degener
1706 476 1709 477 ⁷

327 497 540 540 extitisset.
574 497 672 539 Haee
695 498 926 539 seeundum
944 497 1141 539 litteram.

389 565 518 609 CXV.
558 566 685 618 Quod
716 575 855 609 autem
878 569 928 608 ad
955 568 1144 609 altiorem
1167 582 1336 608 5011511111
1361 567 1565 624 pertinet,
1590 583 1683 609 om-

327 651 400 678 nes
430 651 569 678 mores
595 636 764 692 pessimi
785 636 998 677 erroribus
1026 638 1290 677 delectantur
1311 635 1455 678 alienis
1476 651 1485 677 :
1511 652 1589 678 nee
1613 652 1682 677 so-

324 706 414 746 lum
434 706 663 755 erroribus,
682 707 754 746 sed
766 705 892 746 etiam
911 705 974 754 iis,
997 722 1088 762 quae
1111 706 1206 763 ipsis
1225 706 1421 747 videntur
1442 708 1550 747 mala
1572 722 1679 754 esse,

325 774 487 816 etiamsi
520 790 606 816 non
638 775 731 816 sint.
755 774 925 816 Nudum
958 776 1069 816 enim
1091 776 1178 818 Noe
1195 791 1237 816 se
1254 790 1336 816 non
1359 775 1588 823 sentiebat,
1613 775 1683 831 qui

326 843 482 885 ainictu
501 852 591 885 erat
604 843 774 885 indutus
793 843 1016 900 sapientiae.
1042 844 1232 900 Denique
1249 860 1327 885 nee
1345 844 1480 886 Adam
1497 844 1538 885 in
1560 860 1685 902 para-

324 913 412 954 diso
434 912 594 970 positus
616 913 779 954 nudum
801 928 843 953 se
861 914 1055 969 putabat,
1081 913 1158 954 nisi
1175 922 1318 970 postea
1335 929 1462 970 quam
1486 914 1685 970 przevari—

326 982 501 1024 cationis
518 982 728 1024 commisit
744 997 944 1024 errorem.
968 983 1019 1023 Et
1031 984 1279 1039 redopertus
1299 984 1455 1026 amictu
1473 984 1684 1040 sapientiae

325 1068 372 1094 ae
406 1052 601 1108 justitiae,
632 1054 931 1094 mandatorum
962 1054 1197 1095 coelestium
1231 1054 1577 1111 praevaricatione
1602 1070 1686 1096 nu—

329 1123 472 1170 datus,
501 1124 664 1163 nudum
693 1138 735 1163 se
757 1122 884 1171 vidit,
905 1130 947 1163 et
977 1122 1084 1163 soliis
1109 1123 1385 1179 operiendum
1411 1123 1581 1180 putavit.
1613 1123 1686 1166 Ri-

325 1193 395 1233 det
422 1192 547 1248 igitur
576 1191 709 1233 Cham
731 1192 938 1233 nudatum
960 1200 1122 1248 patrem
1139 1192 1295 1234 videns.
1328 1192 1477 1234 Omnis
1503 1207 1685 1248 namque
1732 1181 1736 1201 Ξ

326 1261 544 1318 improbus
579 1261 780 1317 quoniam
818 1261 905 1317 ipse
945 1262 1087 1302 devius
1120 1261 1347 1318 disciplinae
1381 1270 1468 1310 est,
1510 1262 1686 1303 aliorum

322 1331 462 1387 lapsus
478 1344 562 1371 non
584 1331 721 1371 solum
737 1344 813 1387 pro
832 1330 895 1371 sui
909 1329 1061 1371 erroris
1079 1330 1225 1371 solatio
1249 1330 1401 1386 accipit
1415 1363 1425 1378 ,
1447 1332 1562 1386 quod
1579 1346 1685 1372 con—

327 1408 460 1441 sortes
490 1399 699 1441 invenerit
732 1401 867 1457 eulpae
892 1415 901 1441 :
926 1400 1200 1442 verumetiam
1228 1401 1417 1457 improbo
1439 1402 1604 1442 laetatur
1627 1400 1687 1442 as—

327 1469 463 1519 fectu,
487 1478 687 1526 tanquam
709 1485 781 1511 sua
800 1470 887 1527 ipse
906 1469 1057 1512 delicta
1071 1470 1314 1512 correxerit.
1336 1471 1439 1513 Mala
1453 1485 1572 1511 mens
1589 1485 1687 1527 ergo

327 1540 490 1580 laetatur
509 1548 662 1597 praeter
682 1539 945 1597 propositum
964 1539 1121 1595 aliquid
1144 1539 1345 1580 accidisse
1368 1539 1566 1597 sapienti3
1589 1554 1688 1580 eum

326 1608 472 1664 ntique
505 1609 693 1667 eorporis
722 1611 861 1666 lapsus
891 1609 933 1650 in
970 1609 1070 1651 vitio
1103 1625 1192 1651 esse
1215 1624 1299 1650 11011
1327 1609 1499 1658 debeat,
1523 1608 1688 1650 etiamsi

323 1679 462 1735 lapsus
484 1687 673 1736 putetur,
700 1679 778 1721 nisi
803 1679 965 1721 animus
988 1694 1155 1736 quoque
1180 1680 1406 1721 inclinetur
1431 1680 1474 1720 111
1497 1681 1681 1736 eulpam.
1708 1717 1710 1720 ,

326 1750 544 1791 Postremo
577 1749 799 1791 veniabilia
828 1749 1073 1806 judicentur
1108 1749 1351 1805 hujusmodi
1391 1758 1525 1791 errata
1545 1782 1554 1797 ,
1598 1765 1683 1790 11011

327 1820 421 1862 odio
445 1820 765 1877 prosequenda,
793 1835 879 1862 non
907 1821 1102 1862 habenda
1133 1820 1331 1863 ludibrio.
1367 1820 1451 1862 Sed
1470 1835 1610 1869 mens,
1643 1829 1687 1863 ut

329 1889 437 1938 dixi,
461 1890 652 1947 improba
675 1905 772 1931 eum
794 1898 914 1947 putat
934 1905 1095 1932 errasse
1120 1891 1373 1947 sapientem,
1402 1891 1689 1932 insultandum

329 1958 556 2000 arbitratur
572 1959 632 2008 ei,
654 1959 775 2016 eujus
797 1959 874 2001 sibi
889 1967 1012 2016 putat
1028 1974 1166 2001 mores
1183 1976 1272 2002 esse
1295 1960 1528 2002 contrarios
1544 1993 1554 2008 ,
1574 1961 1691 2016 quod

329 2037 556 2086 peecatum
587 2044 710 2071 suum
732 2030 844 2092 velpt
867 2030 995 2072 tacito
1023 2031 1204 2086 quodam
1236 2031 1431 2088 sapientis
1455 2030 1690 2072 testimonio

330 2101 632 2157 redarguatum
658 2115 792 2157 eoque
819 2101 1046 2142 laetandum
1077 2100 1180 2148 sibi,
1207 2102 1318 2157 quod
1352 2100 1464 2157 justo
1494 2100 1583 2142 viro
1612 2115 1691 2141 nec
1733 2085 1738 2099 ’

328 2170 508 2211 eruditio
544 2170 673 2228 ipsius
704 2169 932 2227 profuerit,
971 2185 1048 2211 1100
1074 2170 1234 2226 justitia
1268 2169 1491 2228 suffragata
1516 2170 1590 2218 sit,
1614 2184 1691 2211 nec

1734 2218 1738 2231 .

330 2253 377 2279 ea
392 2271 402 2287 ,
422 2254 514 2295 quae
533 2239 768 2281 secundum
789 2255 942 2297 eorpus
960 2247 1056 2280 sunt
1071 2272 1082 2287 ,
1106 2239 1332 2282 habuerint
1349 2255 1570 2297 prosperos
1593 2254 1692 2281 cur-
1734 2286 1737 2295 x

326 2324 407 2350 sus.
442 2310 541 2351 Haec
575 2310 688 2352 enim
726 2326 801 2367 pro
825 2309 999 2351 summis
1036 2309 1158 2351 bonis
1189 2311 1301 2367 apud
1338 2310 1551 2367 improbos
1580 2309 1692 2351 aesti-

329 2387 504 2421 mantur
527 2379 569 2421 111
593 2379 745 2422 divitiis
768 2388 838 2422 aut
866 2380 1028 2422 honore
1056 2379 1212 2436 posita,
1238 2395 1329 2437 quae
1361 2389 1501 2422 tamen
1529 2380 1691 2421 nullum

327 2449 519 2492 fructum
538 2453 589 2493 ad
606 2452 775 2495 laudem
795 2451 959 2493 virtutis
982 2450 1215 2492 conserunt.
1238 2451 1464 2509 Propterea
1488 2450 1690 2507 insipien-
1734 2483 1737 2507 2

328 2520 391 2563 tiae
411 2521 665 2566 defensores
690 2522 900 2571 videntur,
932 2521 1003 2580 qui
1028 2520 1192 2563 virtutis
1215 2529 1444 2563 amatorem
1471 2534 1688 2578 prospero·
1734 2524 1737 2532 ²

1724 0 1732 356 -ae--<.....0.—........
