1742 3233
407 328 458 354 niz
493 327 590 356 cmx·
622 327 674 353 Εἰ·
708 326 828 364 aasz.
865 327 942 354 Lm.
983 326 1008 353 1.
1300 311 1383 355 353

31 404 211 448 arabiles
243 417 347 460 quos
366 403 605 444 trucidavit.
638 402 723 444 Yiae
751 402 979 444 inferorum
1003 403 1151 444 domus
1174 403 1287 458 ejus,
1317 405 1385 445 de-

31 477 261 517 »ducentes
279 473 320 514 in
343 487 553 514 secessum
580 471 725 513 mortis
753 471 782 513 ².
810 471 940 513 Auser
957 473 1083 529 igitur
1107 472 1182 513 tibi
1206 488 1383 529 pravum

33 560 108 586 »os
125 576 136 592 ,
160 551 201 585 et
228 543 379 599 injusta
407 542 516 584 labia
539 543 661 598 longe
684 557 704 582 a
726 550 766 583 tc
799 544 1000 599 propelle.
1035 543 1159 584 Oculi
1181 543 1240 583 tui
1271 552 1384 585 reeta

33 612 230 655 »videant
251 612 263 632 ²
289 627 298 653 ε
320 612 405 653 noli
432 611 649 653 intendere
679 610 814 652 fallaci
841 612 1006 652 mulieri
1033 611 1061 653 ³.
1094 613 1240 654 »Mella
1273 613 1386 653 enim

34 682 294 725 distillabunt
327 697 347 722 a
377 681 496 722 labiis
525 681 711 722 mulieris
736 681 992 730 fornicariae,
1020 696 1110 737 quae
1140 682 1191 723 ad
1222 690 1387 738 tempus

34 751 265 809 impinguat
289 750 425 791 fauces
451 758 562 798 tuas,
586 759 729 807 postea
750 766 848 792 vero
879 752 1129 793 amariorem
1152 752 1247 793 selle
1269 753 1388 794 inve-

34 823 136 866 nies.
175 822 271 864 Dies
297 837 365 863 me
396 821 517 863 citius
544 822 746 864 defecerit
770 838 896 878 quam
920 823 1015 864 vitia
1040 823 1131 880 ejus
1153 839 1358 881 exponam
1378 857 1387 873 ‚

35 909 126 950 quae
156 901 296 934 tamen
326 892 369 933 in
400 892 634 943 Proverbiis
664 908 736 933 ore
766 892 988 949 Sapientia:
1021 894 1230 951 descripta
1264 903 1388 951 atque

36 977 227 1019 expressa
240 970 347 1004 sunt.
366 961 457 1003 Non
478 970 515 1003 te
531 961 671 1003 vincat
688 962 832 1003 formae
850 963 1190 1019 concupiscentia
1210 964 1238 1004 ¹⁴.
1261 964 1391 1005 Adul-

34 1031 167 1074 terina
196 1040 281 1079 est,
316 1031 422 1072 fucis
455 1031 578 1079 illita,
612 1047 878 1087 nequaquam
908 1047 1006 1073 vero
1047 1047 1094 1073 ac
1127 1033 1291 1074 sincero
1322 1033 1390 1074 su—

35 1118 136 1160 gens
156 1103 319 1143 decore.
344 1100 487 1156 Neque
512 1100 686 1157 capiaris
711 1101 865 1148 oculis3
886 1101 1138 1143 circumfusa
1150 1102 1261 1143 enim
1285 1103 1389 1144 retia

35 1180 144 1215 sunt.
179 1172 276 1214 Esto
312 1170 441 1227 magis
473 1169 616 1211 similis
647 1170 755 1211 illius
786 1178 826 1211 et
859 1186 1031 1227 sequere
1054 1187 1168 1221 eum,
1198 1172 1269 1228 qui
1297 1173 1389 1214 salit

35 1257 160 1299 super
190 1248 377 1288 montes,
411 1248 453 1281 et
483 1239 659 1281 transilit
688 1256 812 1297 super
840 1242 990 1289 eolles,
1023 1242 1284 1299 prospiciens
1315 1259 1390 1300 per

33 1312 234 1355 fenestras
251 1311 263 1331 ⁵
282 1344 292 1360 ,
311 1310 499 1352 eminens
522 1326 647 1367 super
668 1310 783 1351 retia.
812 1311 915 1352 Mala
940 1319 1036 1352 sunt
1058 1313 1279 1369 voluptatis
1305 1313 1391 1354 vin-

34 1384 143 1426 cula.
166 1382 321 1424 Oculos
339 1382 544 1429 delectat,
571 1382 782 1422 demulcet
805 1397 945 1431 aures,
966 1383 1035 1423 sed
1055 1391 1239 1423 mentem
1258 1383 1391 1438 inqui·

0 1481 3 1486 =
33 1461 106 1494 nat
130 1468 138 1493 :
164 1453 295 1493 multa
312 1451 536 1499 mentitur,
555 1450 655 1492 salsa
680 1451 891 1508 adjungit,
914 1467 1006 1493 vera
1030 1452 1250 1499 subducit,
1270 1467 1391 1509 spon-

35 1525 105 1566 det
130 1522 374 1580 pecuniam,
405 1537 553 1563 aurum
584 1521 728 1569 offert3
758 1523 831 1563 scd
862 1521 993 1563 aufert
1022 1522 1298 1579 disciplinam.
1326 1523 1390 1565 Tu

34 1600 175 1634 autem
218 1591 360 1648 accipe
394 1592 533 1648 potius
575 1591 866 1648 disciplinam,
902 1607 1026 1647 qnam
1061 1592 1313 1648 pecuniam,
1350 1601 1390 1634 et

31 1662 251 1706 scientiam
278 1677 402 1718 super
426 1676 572 1702 aurum
604 1662 842 1718 probatum.
890 1661 1036 1703 Melior
1065 1670 1125 1702 est
1149 1662 1262 1703 enim
1291 1663 1394 1719 lapi-

0 1762 1 1777 2
36 1732 157 1775 dibus
174 1730 364 1788 pretiosis
388 1729 417 1772 ⁶.
445 1730 536 1772 Non
554 1739 593 1772 te
613 1731 756 1772 celabo
775 1746 866 1786 quse
885 1726 1047 1772 summa
1066 1731 1156 1786 ejus
1179 1731 1387 1780 seruntur,

33 1818 87 1846 nc
107 1803 248 1845 videar
263 1801 479 1858 deoperire
497 1817 588 1858 qnae
607 1801 854 1857 displiceant
877 1801 916 1842 in
935 1803 1164 1858 voluptate,
1185 1810 1226 1842 et
1243 1803 1391 1843 obum-

33 1874 158 1915 brare
180 1888 272 1929 quae
298 1873 502 1929 placeant.
536 1872 678 1912 Elevat
701 1871 813 1912 enim
837 1879 877 1912 et
904 1872 1062 1912 extollit
1084 1880 1269 1913 mentem
1293 1889 1390 1915 sua—

35 1944 153 1986 soriis
181 1942 342 1990 verbis,
367 1941 549 1983 ostendit
573 1940 712 1982 omnia
744 1957 872 1998 regna
900 1950 1035 1989 terrae,
1061 1943 1201 1983 (licens
1227 1957 1268 1983 :«
1292 1944 1389 1984 Haec

34 2032 50 2053 »
65 2013 203 2056 omnia
222 2013 295 2053 tibi
314 2012 437 2059 daho,
453 2012 485 2052 si
503 2011 724 2068 procidens
739 2012 975 2052 adoraveris
987 2027 1054 2052 me
1068 2012 1097 2053 ⁷.
1117 2030 1131 2049 a
1147 2013 1209 2053 lbi
1227 2021 1271 2054 tn
1291 2028 1390 2055 cave

34 2082 279 2140 nerapiaris
303 2097 324 2122 a
345 2080 738 2138 praeterlabentibus
760 2088 799 2122 et
823 2096 907 2121 non
928 2081 1212 2129 manentibus,
1237 2081 1277 2122 in
1295 2070 1389 2138 flui-

36 2155 114 2197 bus
135 2169 284 2211 magna
308 2152 481 2194 tentatio
505 2160 579 2193 est.

92 2224 207 2268 XVI.
242 2223 395 2287 Docuit
425 2230 466 2264 te
499 2230 611 2263 certe
635 2222 841 2264 Dominus
879 2222 999 2265 Jesus
1031 2226 1388 2280 quemadmodum

36 2295 231 2338 adversus
255 2292 499 2350 hujusmodi
531 2293 781 2334 tentationes
814 2294 992 2336 resistas,
1020 2295 1272 2338 Tetenderat
1299 2297 1389 2338 dia-

33 2364 155 2406 bolus
175 2364 358 2421 primum
379 2364 575 2418 laqueum
596 2363 701 2419 gulae
725 2363 866 2404 dicens
887 2379 895 2404 :
913 2382 928 2402 «
946 2363 987 2405 Si
1002 2364 1130 2406 Filius
1148 2365 1225 2406 Dei
1244 2382 1303 2415 es,
1321 2368 1386 2409 die

35 2434 163 2477 »huic
175 2433 325 2491 lapidi,
348 2440 391 2474 ut
409 2432 526 2489 panis
550 2431 634 2474 fiat.
663 2433 922 2490 »Respondit
944 2433 1148 2476 Dominus
1169 2450 1210 2476 z«
1233 2436 1324 2478 Non
1349 2437 1394 2480 in.

79 2563 90 2579 ¹
110 2554 206 2587 Prov.
224 2565 283 2591 ui,
305 2553 414 2594 94-27.
448 2571 486 2576 —
508 2562 519 2576 2
550 2552 837 2591 1‹l.1v.24e125.
858 2570 896 2575 —
925 2555 937 2576 3
963 2552 1012 2584 hl.
1034 2564 1063 2588 v.
1081 2553 1322 2591 2.--⁴1d.v1‚
1341 2555 1391 2594 94,

35 2613 70 2642 et
95 2618 185 2651 seqq.
211 2625 251 2632 —
286 2610 298 2631 ⁵
331 2607 427 2639 Cant.
454 2618 478 2638 ιι
500 2629 510 2647 ,
535 2607 553 2637 8
586 2612 617 2639 et
647 2618 680 2650 9.
708 2624 748 2630 ——
778 2607 792 2629 ⁶
825 2606 917 2639 Prov.
957 2617 1043 2647 vm,
1079 2619 1125 2641 ιο.
1157 2625 1195 2632 -
1227 2616 1236 2637 ⁷
1269 2610 1389 2644 Manli.
1440 2652 1442 2655 .

41 2672 96 2702 lv,
125 2672 155 2705 9.
190 2692 195 2697 ,

183 2731 263 2761 mv.
564 2724 567 2725 ’
1190 2721 1243 2762 23
