1742 3233
344 316 430 358 526
887 333 918 360 s.
958 333 1147 361 Ammiosn

342 405 457 450 niam
472 407 691 450 custodiat.
713 407 775 450 De
792 424 874 466 quo
893 410 947 452 ait
957 410 1161 452 Dominus
1181 410 1302 452 Jesus
1329 425 1339 452 :
1356 427 1373 450 «
1393 411 1478 454 Nisi
1502 401 1695 455 conversi-
1720 411 1741 440 le

288 506 290 508 f
342 496 358 516 »
371 477 549 526 fueritis,
580 485 622 519 et
647 477 886 521 efficiamini
918 479 1026 521 sicut
1054 495 1159 537 puer
1180 479 1256 522 iste
1273 513 1283 528 ‚
1314 495 1397 522 non
1421 480 1628 524 intrabitis
1648 482 1691 524 in
1723 480 1742 522 ¹l1

341 562 549 604 »regnum
571 547 819 590 coelorum¹.
857 549 994 591 »Huic
1014 565 1146 606 puero
1163 557 1205 591 et
1225 549 1430 592 similibus
1452 551 1542 607 ejus
1565 551 1691 594 etiam

341 625 509 659 sanctus
539 617 675 660 David
705 618 852 659 divinae
883 618 1132 661 laudationis
1169 619 1380 677 dispensat
1409 619 1595 663 officium
1625 621 1693 664 di-
1728 642 1729 647 ¹

342 685 484 727 dicens
509 702 518 727 ε
535 704 550 724 «
570 686 757 729 Laudate
774 687 894 744 pueri
913 688 1185 730 Dominum2.
1213 707 1228 728 »

395 754 486 796 XL.
524 754 611 797 Nee
633 746 736 797 illud
756 756 956 806 otiosum,
977 760 1090 814 quod
1113 759 1303 800 cucurrit
1327 760 1379 800 ad
1405 760 1532 801 boves
1546 792 1557 809 ‚
1577 769 1692 802 tene-

339 839 434 865 rum
464 824 642 866 vitulum
668 832 710 866 et
729 825 890 866 bonum
913 828 1114 884 sumpsit,
1147 836 1188 870 et
1219 843 1317 870 cum
1347 830 1457 871 lacte
1483 830 1684 888 apposuit.

337 894 527 950 Denique
549 903 592 936 et.
618 894 664 936 in'
686 895 829 937 Exodo
854 911 951 938 cum
975 897 1131 954 pascha
1152 898 1321 940 Domini
1348 900 1604 949 declararet,
1637 901 1692 942 ait

337 963 498 1021 Moyses
519 980 527 1005 :
568 983 584 1001 a
609 965 752 1022 Agnus
778 965 866 1006 sine
898 969 1087 1015 macula,
1111 969 1294 1009 mundus
1314 1001 1324 1016 ‚
1349 976 1688 1018 consummatus,

337 1053 353 1074 >›
369 1035 611 1084 anniculus,
638 1037 850 1077 masculus
877 1036 956 1077 erit
977 1037 1095 1079 vobis
1123 1038 1173 1079 ab
1197 1038 1343 1091 oxfibus
1365 1046 1408 1080 et
1433 1038 1582 1081 hoedis.
1610 1038 1692 1080 Su-

338 1124 352 1143 »
366 1105 487 1147 metis
510 1114 552 1147 et
569 1105 790 1155 occidetis,
814 1106 975 1162 inquit,
993 1108 1110 1148 illum
1124 1115 1211 1149 tota
1226 1106 1691 1173 m111titudo.qynagogae

336 1193 351 1213 >a
367 1176 418 1216 ad
440 1190 660 1231 vesperum
688 1174 726 1224 ³„
744 1194 760 1214 »
794 1177 913 1218 [nde
935 1186 976 1218 et
998 1177 1067 1219 hic
1084 1177 1278 1219 meridies
1296 1194 1386 1221 6556
1415 1175 1687 1229 describitur,

335 1241 502 1300 q'uando
524 1244 737 1287 Abraham
749 1245 929 1287 Domino
942 1246 1065 1287 offert
1081 1247 1324 1304 hospitium.
1354 1247 1437 1289 Sed
1454 1250 1506 1290 ad
1527 1263 1691 1290 coenam

333 1311 487 1354 vitulus
504 1313 761 1362 immolatur,
788 1322 830 1356 et
849 1330 947 1356 cum
963 1316 1071 1357 lacte
1089 1317 1383 1366 manducatur,
1403 1318 1485 1359 hoc
1507 1326 1584 1366 est,
1605 1334 1690 1360 non

334 1383 375 1423 in
396 1383 596 1441 sanguine
613 1415 623 1431 ,
639 1383 713 1424 sed
731 1399 829 1425 cum
851 1382 950 1425 fidei
971 1385 1166 1441 puritate.
1187 1386 1332 1428 Bonus
1347 1386 1501 1428 vitulus
1516 1420 1527 1436 ,
1543 1396 1690 1444 utpote

335 1452 405 1509 qui
441 1461 614 1509 peccata
638 1452 828 1496 dilueret.
864 1453 1024 1501 Tener,
1053 1453 1265 1509 quianon
1289 1455 1393 1496 dura
1423 1456 1585 1498 cervice
1616 1459 1689 1513 sed

331 1523 449 1565 molli
476 1523 624 1581 jugum
650 1524 750 1581 legis
778 1525 944 1581 agnovit
959 1557 970 1572 ,
997 1524 1134 1566 crucis
1156 1524 1392 1581 patibulum
1412 1541 1497 1567 non
1520 1541 1689 1568 recusa-

330 1593 402 1635 n't.
428 1593 482 1635 Et
502 1593 653 1635 merito
676 1601 810 1642 tener,
832 1594 883 1635 de
906 1593 1027 1651 cujus
1048 1593 1183 1651 capite
1199 1585 1242 1635 et
1262 1595 1440 1652 pedibus
1457 1603 1499 1645 et
1515 1595 1687 1638 internis

330 1663 436 1705 nihil
458 1664 653 1706 relictum
675 1673 752 1713 est,
777 1672 819 1705 et
835 1679 879 1705 os
899 1679 984 1705 non
1006 1671 1069 1705 est
1081 1663 1310 1705 contritum
1327 1664 1378 1705 ab
1398 1679 1469 1714 6ο,
1488 1664 1560 1706 sed
1576 1673 1687 1707 totus

332 1734 592 1791 epulantium
610 1734 704 1776 cibo
723 1733 856 1776 cessit.
885 1734 1030 1776 Talem
1047 1733 1168 1775 nobis
1185 1733 1285 1791 legis
1306 1732 1498 1792 figuravit
1517 1735 1684 1784 umbra,

332 1804 458 1845 talem
475 1803 625 1846 veritas
647 1803 857 1861 Evangelii
876 1804 1178 1845 demonstravit
1198 1803 1229 1845 ²¹.

390 1874 501 1918 XLI.
550 1892 566 1912 «
591 1875 971 1923 manducaverunt,
1001 1874 1160 1931 inquit,
1189 1875 1276 1917 illi:
1305 1874 1519 1917 Abraham
1546 1884 1686 1918 autem

332 1945 496 1986 »stabat
526 1945 602 1986 sub
631 1945 780 1986 arbore
806 1944 839 1986 ⁵.
871 1963 888 1985 »
919 1945 1187 1987 Advertimus
1216 1945 1464 1988 humilitatis
1499 1945 1685 1988 officium

331 2015 629 2056 commendare
660 2013 941 2056 humilitatem
978 2013 1084 2072 (40).
1128 2014 1342 2057 Abraham
1374 2003 1539 2064 stabat,
1565 2024 1607 2066 et
1638 2024 1685 2057 tu

329 2083 510 2141 primam
532 2084 807 2127 accubitionis
830 2093 993 2143 partem
1019 2100 1199 2142 occupas
1219 2086 1236 2127 Ρ
1263 2085 1454 2142 Denique
1474 2101 1522 2127 ea
1542 2081 1685 2128 humi-

327 2155 420 2198 litas
444 2156 601 2199 invenit
623 2156 817 2214 gratiam,
841 2165 890 2198 ut
905 2156 1224 2214 promitteretur
1241 2157 1279 2198 ei
1298 2155 1419 2199 filius.

384 2225 514 2268 XLII.
565 2243 580 2263 α
601 2225 713 2268 Dixit
735 2234 874 2268 autem
903 2225 955 2268 ad
981 2227 1124 2268 illum:
1152 2227 1231 2269 [hi
1253 2235 1315 2269 est
1337 2226 1439 2269 Sara
1455 2241 1561 2268 uxor
1577 2226 1683 2269 tua?

328 2295 441 2346 »Qui
458 2295 689 2353 respondit,
705 2304 747 2337 et
765 2296 887 2338 dixit:
906 2295 1016 2338 Ecce
1032 2297 1073 2337 in
1086 2297 1357 2339 tabernaculo
1371 2295 1401 2339 ⁶.
1425 2315 1441 2336 n
1467 2296 1683 2354 Numquid

328 2365 544 2421 ignorabat
558 2365 764 2407 Dominus
781 2365 851 2421 qni
867 2365 909 2406 in
925 2366 1226 2422 posterioribus
1244 2365 1526 2407 Sodomorum
1540 2365 1682 2407 futura
1708 2423 1711 2427 ¹

327 2435 487 2479 excidia
514 2434 755 2483 denuntiat,
790 2436 864 2477 ubi
892 2435 993 2477 Sara
1028 2434 1171 2476 esset?
1198 2435 1290 2477 Non
1321 2428 1570 2492 ignorabam
1607 2436 1681 2493 scd

328 2504 480 2547 docere
494 2519 570 2546 nos
591 2505 739 2553 voluit,
758 2513 938 2561 quantus
957 2503 1095 2561 pudor
1112 2519 1201 2546 esse
1219 2504 1369 2547 debeat
1384 2503 1675 2555 foeminarum;

374 2620 383 2635 ¹
402 2611 521 2644 Matih.
539 2622 635 2650 xvm,
652 2612 686 2644 3.
700 2629 738 2636 ——
755 2621 767 2636 2
786 2612 871 2644 Psal.
888 2622 968 2650 cxn,
985 2623 1057 2646 1.-—
1074 2614 1088 2636 3
1102 2613 1203 2646 Exod.
1223 2624 1283 2654 xn,
1303 2615 1334 2647 5.
1348 2630 1389 2638 —
1404 2612 1530 2655 than.
1544 2623 1612 2652 xix,
1624 2613 1678 2646 36.

324 2679 364 2690 -
380 2665 395 2689 ⁶
412 2663 495 2698 Gen.
511 2673 606 2705 xvxii,
629 2665 662 2699 8.
678 2682 718 2709 ---Ι
741 2667 756 2688 ⁶
772 2665 860 2699 lbid.
878 2677 906 2709 9.
