1742 3233
342 277 427 320 506
886 291 916 319 s.
956 290 1145 320 Animosa

339 367 433 411 Non
457 366 569 409 enim
591 374 678 409 tam
700 366 971 424 pulchritudo
993 367 1205 418 mulieris,
1230 383 1355 426 quam
1376 370 1509 415 virtus
1530 371 1625 431 ejus
1646 383 1689 418 et

342 437 517 495 gravitas
546 437 723 478 delectat
743 436 892 480 virum.
921 438 1005 489 Qui
1032 438 1275 481 suavitatem
1303 442 1450 497 quaerit
1473 443 1686 501 conjugii,

340 521 424 548 nou
447 506 703 563 superiorem
725 521 853 548 censu
871 507 1144 565 ambiat(3h)‚
1167 524 1293 565 quam
1314 511 1582 554 necessitates
1604 527 1690 555 non

340 585 509 619 teneant
537 576 776 619 maritales:
797 577 829 619 si
858 591 944 619 non
967 577 1192 620 monilibus
1221 588 1434 629 ornatam,
1466 582 1540 623 sed
1567 582 1691 633 mori-

339 646 431 688 bus.
470 645 657 689 Offendit
684 648 934 704 plerumque
965 648 1129 698 virum,
1159 649 1192 690 si
1227 664 1268 691 se
1306 664 1412 692 uxor
1441 651 1692 694 nobiliorem

339 717 512 758 noverit.
552 717 650 758 Haec
676 717 865 774 proxima
891 718 1096 775 superbiae
1120 726 1228 760 sunt.
1261 718 1362 761 Sara
1383 734 1469 761 non
1487 720 1692 764 facultati-

339 785 417 827 bus
436 784 575 835 ditior,
599 800 682 827 non
705 801 857 843 genere
881 788 1136 844 splendidior
1151 796 1265 836 erat3
1297 788 1390 830 ideo
1412 789 1548 832 virum
1565 790 1694 848 impa-

339 869 428 897 rem
453 871 537 897 non
562 856 763 913 putabat,
782 857 876 899 ideo
899 857 1017 913 quasi
1034 873 1181 914 parem
1205 858 1336 915 gratia
1357 859 1578 916 diligebat,
1598 860 1693 903 ideo

339 940 424 967 non
447 933 576 968 censu
608 934 670 967 est
699 934 882 975 retenta,
908 941 994 968 non
1020 928 1289 984 parentibus,
1317 943 1402 969 non
1421 929 1691 986 propinquis,

339 997 412 1037 sed
443 995 579 1037 virum
609 996 824 1053 proprium
855 1011 1124 1053 quocumque
1148 1006 1370 1055 pergeret,
1405 999 1690 1055 sequebatur:

340 1073 510 1106 externa
550 1066 673 1115 adiit,
709 1081 897 1108 sororem
928 1081 971 1108 se
998 1067 1089 1123 ejus
1119 1068 1315 1117 asseruit,
1351 1069 1549 1111 contenta
1580 1069 1614 1111 si
1641 1069 1696 1111 ita

339 1143 447 1176 esset
468 1150 639 1177 necesse
655 1169 665 1185 ,
699 1151 741 1178 se
764 1137 991 1193 periclitari
1017 1139 1202 1195 pudore,
1227 1152 1354 1194 quam
1379 1139 1517 1180 virum
1545 1139 1726 1211 salutes.

344 1205 397 1245 [t
407 1213 596 1246 tueretur
611 1206 808 1247 maritum
825 1207 997 1248 mentita
1014 1215 1077 1249 est
1093 1208 1435 1264 germanitatem;
1454 1223 1507 1250 ne
1526 1208 1697 1250 insidia-

337 1283 449 1318 tores
473 1276 644 1332 pudoris
675 1276 766 1332 ejus
792 1284 992 1333 tanquam
1019 1279 1219 1319 aemulum
1247 1287 1290 1320 et
1319 1279 1531 1320 vindicem
1555 1279 1696 1321 uxoris

340 1354 554 1388 necarent.
589 1347 781 1403 Denique
802 1347 926 1390 simul
947 1357 994 1390 ut
1022 1348 1218 1391 viderunt
1248 1350 1364 1391 illam
1388 1349 1600 1407 AEgyptii‚
1628 1352 1699 1392 ad-

341 1416 479 1458 mirati
497 1418 610 1473 quod
636 1417 821 1474 speciosa
841 1426 950 1460 esset
965 1419 1086 1460 valde
1101 1451 1111 1468 ,
1137 1419 1394 1461 induxerunt
1412 1419 1534 1461 illam
1555 1420 1608 1461 ad
1628 1434 1698 1461 re-

340 1501 434 1543 gem
468 1501 616 1534 suum,
653 1495 694 1528 ct
729 1502 826 1529 cum
859 1488 1074 1530 Abraham
1110 1489 1219 1531 bene
1257 1498 1460 1547 egerunt,
1498 1489 1699 1546 tanquam

340 1556 511 1598 fratrem
529 1558 620 1613 ejus
640 1573 731 1613 quae
756 1558 981 1615 placuisset
1003 1559 1113 1615 regi,
1138 1559 1406 1601 honorantes.

401 1626 488 1668 VII.
514 1644 552 1674 A<
575 1626 732 1668 Asslixit
764 1636 902 1670 autem
931 1629 1135 1670 Dominus
1161 1629 1324 1671 Pharao
1356 1629 1698 1671 afflictationibus

343 1695 532 1753 »magnis
563 1706 605 1738 ct
642 1697 898 1746 saevissimis,
937 1706 978 1739 et
1014 1697 1187 1739 domum
1218 1698 1309 1754 ejus
1339 1705 1512 1755 propter
1551 1697 1698 1740 Saram

344 1784 358 1804 »
372 1781 547 1808 uxorem
574 1767 741 1809 Ahrae⁵.
771 1785 786 1805 >³
820 1768 1019 1825 Magnum
1042 1767 1333 1810 testimonium
1366 1770 1703 1811 documentum-

341 1852 421 1893 que
445 1838 646 1879 castitatis
662 1837 842 1880 tuendae.
866 1838 1003 1880 Locus
1024 1838 1080 1880 ita
1101 1838 1358 1880 hortatorius
1375 1871 1386 1886 ,
1407 1847 1457 1880 ut
1471 1837 1700 1895 unusquis-

341 1922 422 1964 que
448 1922 490 1948 se
513 1915 674 1949 castum
694 1909 899 1965 praebeat‚
921 1908 1102 1949 alienum
1124 1923 1208 1949 non
1229 1906 1401 1950 affectet
1427 1916 1590 1956 torum,
1618 1922 1698 1949 nec

340 1977 496 2019 latendi
525 1993 620 2035 spe,
652 1986 722 2019 aut
751 1978 931 2019 faciendi
956 1978 1205 2035 impunitate
1227 1977 1404 2019 alienam
1435 1992 1611 2019 uxorem
1628 1977 1699 2026 in-

341 2055 474 2088 cessat
494 2079 504 2095 ,
541 2062 626 2089 non
656 2047 817 2089 incuria
848 2055 918 2088 aut
942 2047 1114 2089 stultitia
1144 2056 1402 2104 provocetur
1433 2047 1600 2096 mariti,
1629 2055 1701 2088 aut

343 2118 527 2159 absentia
547 2118 747 2178 longiore.
776 2117 905 2160 Adest
927 2119 1078 2175 praesul
1099 2117 1284 2175 conjugii
1305 2118 1417 2159 Deus
1439 2131 1565 2174 quem
1587 2116 1696 2159 nihil

343 2187 470 2229 lateat
491 2199 512 2235 ,⁴
547 2189 688 2229 nullus
721 2189 905 2236 evadat,
946 2202 1071 2229 nemo
1104 2187 1276 2229 irrideat
1303 2187 1471 2230 :vicem
1509 2186 1697 2228 absentis

340 2257 478 2299 mariti
516 2266 672 2307 tuetur,
712 2267 847 2300 servat
883 2257 1104 2307 excubias,
1147 2258 1231 2299 imo
1274 2257 1363 2299 sine
1393 2256 1582 2299 excubiis
1621 2257 1700 2299 de-

342 2328 566 2385 prehendit
591 2344 712 2371 reum
744 2337 966 2386 antequam
988 2328 1113 2370 saciat
1139 2329 1252 2385 quod
1272 2327 1509 2386 paraverit3
1535 2326 1578 2368 in
1609 2327 1700 2368 ani--

343 2398 423 2440 mis
444 2398 707 2456 singulorum
728 2433 738 2448 ‚
769 2399 813 2441 in
829 2399 1042 2441 mentibus
1064 2399 1357 2440 universorum
1377 2397 1540 2440 crimen
1556 2411 1700 2454 agnos-

343 2469 411 2511 cit.
439 2470 491 2511 Et
517 2469 549 2511 si
580 2470 778 2512 maritum
802 2471 964 2512 adulter
984 2468 1180 2511 fefelleris
1197 2502 1208 2518 ,
1233 2483 1318 2510 non
1339 2467 1446 2510 fallis
1466 2466 1634 2509 Deum:
1658 2474 1700 2510 et

343 2541 376 2583 si
396 2541 594 2584 maritum
611 2541 813 2590 evaseris,
832 2549 874 2584 et
900 2541 932 2583 si
947 2540 1134 2599 judicem
1157 2539 1234 2593 fori
1251 2538 1421 2590 luseris,
1445 2552 1531 2591 non
1556 2537 1696 2589 evadis

389 2641 398 2656 ¹
416 2632 501 2667 Gen.
520 2644 580 2670 x11,
600 2644 647 2676 17.
