1742 3233
309 298 395 358 590
853 312 883 340 5.
922 312 1109 342 AMBnosn

304 390 392 448 ipso
408 390 578 449 quidem
594 388 708 446 quod
724 403 816 431 aves
832 389 993 447 posuit,
1013 389 1246 446 intelligere
1261 382 1487 446 possumus
1506 387 1656 430 coeles-

303 460 408 502 tium
439 459 684 502 meritorum
705 459 878 502 volatus.
918 459 1027 501 Sunt
1057 457 1171 499 enim
1204 458 1396 500 volucres
1424 457 1541 507 coeli,
1565 471 1657 513 quae

307 529 481 572 veniunt
503 536 546 571 et
567 527 760 571 habitant
787 528 830 570 in
856 528 982 570 rami-s
1015 527 1105 584 ejus
1132 527 1312 577 arboris,
1344 542 1434 584 quae
1458 528 1508 569 de
1530 540 1658 584 grano

310 598 462 657 sinapis
488 597 754 646 surrexerit¹,
785 598 853 639 cui
881 598 1085 639 coelorum
1110 611 1286 653 regnum
1307 604 1586 654 comparatur.
1608 595 1661 637 Et

311 668 508 711 Ezechiel
531 676 694 725 apertos
717 666 793 709 sibi
807 668 934 709 coelos
951 666 1078 714 dicit,
1100 674 1143 707 et
1158 665 1307 707 vidisse
1322 665 1428 707 inter
1447 665 1522 707 alia
1536 664 1660 707 etiam

313 745 448 780 rotam
474 752 604 779 unam
627 751 752 793 super
785 744 941 778 terram
974 735 1245 791 conjunctam
1275 735 1521 777 animalibus
1557 749 1662 791 qua--

312 806 450 848 tuor².
490 806 543 849 Et
584 805 690 848 infra
719 821 727 848 :
758 804 1027 847 «Audiebam
1050 837 1061 853 ‚
1104 803 1239 860 inquit
1260 836 1271 852 ,
1311 818 1457 845 vocem
1505 804 1662 845 alarum

312 895 327 915 »
342 890 514 925 eorum,
541 876 648 920 sieut
679 890 827 918 vocem
855 889 1058 932 aquarum
1085 876 1337 923 multarum,
1364 883 1407 917 et
1430 888 1578 916 vocem
1600 888 1664 915 su-

313 945 481 989 »blimis
512 946 613 995 Dei3
659 954 702 989 et
731 960 828 989 cum
863 945 996 994 irent,
1030 952 1076 987 ut
1100 958 1179 986 vox
1211 943 1347 993 verbi,
1380 943 1488 986 sieut
1515 957 1664 985 vocem

313 1034 329 1055 »
343 1025 577 1059 castrorum
588 1015 618 1059 ³.
636 1036 651 1056 »

369 1085 473 1130 LIV.
511 1088 630 1129 Unde
647 1087 816 1144 quidam
835 1088 885 1130 ad
901 1087 1030 1130 libros
1047 1085 1321 1146 philosophiae
1339 1081 1601 1133 derivarunt,⁴
1616 1099 1666 1125 eo

313 1157 427 1211 quod
449 1157 585 1215 ipsum
614 1159 768 1199 coelum
794 1157 957 1200 volucri
983 1158 1118 1200 simile
1138 1157 1201 1199 sit.
1230 1156 1419 1213 Denique
1439 1156 1554 1199 Plato
1576 1170 1667 1197 cur-

312 1239 408 1266 rum
441 1227 658 1268 volucrem
686 1227 789 1269 dixit
823 1242 913 1269 esse
944 1230 1120 1276 coelum,
1149 1243 1200 1269 ex
1230 1242 1279 1268 eo
1318 1227 1431 1283 quod
1460 1224 1666 1282 Propheta

316 1293 475 1336 dixerat
497 1309 507 1338 ς
532 1312 547 1333 ι(
566 1295 674 1337 Cum
699 1295 809 1338 irent
839 1296 1031 1338 animalia
1047 1329 1057 1345 ‚
1084 1297 1200 1338 ibant
1228 1304 1267 1338 et
1301 1303 1402 1337 rotae
1431 1295 1667 1352 conjunctae

316 1381 331 1400 >›
346 1362 424 1404 illis
434 1379 445 1412 3
476 1371 518 1405 et
542 1379 640 1406 cum
666 1365 878 1407 elevarent
899 1381 941 1407 se
969 1366 1161 1407 animalia
1189 1381 1209 1407 a
1240 1373 1371 1414 terra,
1400 1364 1669 1420 elevabantur

316 1450 331 1470 »
346 1431 483 1476 rotael‘.
502 1432 614 1476 »Sed
636 1434 845 1492 Propheta
868 1450 955 1477 non
979 1437 1134 1478 coelum
1156 1436 1293 1492 ipsum
1317 1449 1431 1477 avem
1453 1433 1573 1482 dixit,
1597 1435 1669 1475 sed

317 1517 410 1544 aves
439 1518 528 1545 esse
560 1504 602 1545 in
629 1505 748 1547 coelo.
785 1504 975 1562 Denique
998 1514 1040 1548 et
1058 1499 1191 1548 David
1219 1505 1274 1547 ait
1293 1522 1301 1545 :
1319 1503 1452 1546 «Coeli
1473 1511 1669 1545 enarrant

315 1573 518 1630 »gloriam
539 1574 659 1623 Dei⁵,
677 1593 693 1614 »
715 1575 796 1617 hoe
827 1583 908 1623 est,
940 1575 1169 1617 Potestates
1198 1576 1406 1622 coelestes3
1436 1574 1549 1615 velut
1571 1567 1668 1614 cum

317 1651 528 1700 spectatur
574 1645 801 1702 pulchrum
843 1647 1097 1687 elementum
1112 1678 1122 1694 ‚
1161 1645 1412 1702 prcedicatur
1457 1651 1662 1702 operator.

315 1711 508 1755 Animam
527 1722 666 1756 autem
691 1715 890 1757 describit
909 1715 1118 1773 Propheta
1132 1748 1142 1764 ,
1160 1716 1281 1772 eujus
1298 1724 1437 1758 motus
1455 1722 1552 1756 sunt
1571 1728 1669 1770 qua-

316 1791 412 1824 tuor·
435 1785 548 1825 velut
578 1785 699 1840 equi,
727 1790 912 1838 ογιστικὸν,
943 1790 1152 1838 &up-ormena,
1183 1788 1441 1839 ἐπιθυμητικὸν,
1469 1786 1668 1836 ὃιορατικὸν.

313 1853 413 1895 Haee
430 1853 623 1896 animalia
639 1862 833 1911 quatuor,
854 1852 897 1893 id
914 1860 998 1902 est,
1019 1853 1145 1895 homo
1163 1857 1366 1907 λογιστικὸν,
1380 1853 1446 1894 160
1459 1855 1667 1904 θυμητικὸκ,

312 1922 467 1965 vitulus
494 1927 777 1977 τὲπιθυμητικὸυ,
807 1921 944 1977 aquila
970 1926 1169 1975 ὃιορατικὸν.
1201 1921 1299 1963 Ideo
1327 1922 1432 1964 ratio
1458 1920 1667 1979 praemissa

313 2000 398 2040 est,
430 1999 477 2033 ut
502 1991 662 2047 reliqua
687 1990 894 2032 rationem
922 1999 1163 2047 sequantur.
1203 1992 1302 2033 Ideo
1334 2006 1432 2034 curn
1452 1991 1624 2034 homine
1647 2005 1669 2032 a

313 2061 468 2104 dextris
484 2070 547 2104 est
562 2064 627 2105 leo
643 2094 653 2110 ,
672 2062 715 2103 id
731 2070 819 2110 est,
838 2076 934 2104 eum
954 2061 1115 2104 ratione
1132 2062 1360 2104 commotio
1379 2078 1401 2105 a
1417 2060 1570 2104 dextris
1588 2069 1662 2103 est.

313 2132 395 2174 Ista
429 2131 621 2175 animalia
655 2133 824 2188 quando
866 2133 1106 2181 elevantur,
1145 2133 1359 2175 elevantur
1391 2132 1516 2175 etiam
1548 2140 1662 2174 rotae.

313 2202 419 2246 Rota
443 2211 582 2246 autem
599 2201 683 2244 vita
705 2210 767 2245 est
790 2217 914 2260 super
936 2209 1111 2251 terram,
1138 2217 1218 2259 qua
1235 2203 1422 2245 vivimus.
1451 2202 1495 2244 Si
1521 2201 1667 2244 animae

311 2279 465 2313 nostrze
493 2280 631 2314 motus
657 2280 838 2328 quatuor
859 2273 1091 2321 elevantur,
1121 2273 1307 2315 elevatur
1333 2282 1375 2316 et
1396 2273 1480 2315 vita
1506 2280 1661 2315 nostra.

311 2341 497 2398 Ideoque
520 2340 678 2384 addidit
698 2356 707 2382 :
726 2358 740 2380 «
759 2341 972 2393 Quoniam
1000 2340 1170 2398 spiritus
1192 2342 1309 2392 vitae,
1333 2342 1490 2399 inquit,
1515 2349 1602 2401 erat
1624 2341 1667 2383 in

313 2429 329 2450 n
344 2411 483 2454 rotis⁶.
501 2411 680 2454 »Anima
696 2427 795 2469 ergo
813 2412 944 2469 magis
966 2426 1114 2454 currus
1136 2421 1219 2462 est,
1239 2428 1330 2470 quae
1356 2413 1410 2455 ait
1426 2412 1468 2455 in
1486 2410 1667 2455 Canticis

314 2480 586 2525 canticorum
617 2497 626 2524 ε
652 2481 866 2526 «Posuisti
892 2497 960 2526 me
990 2496 1139 2525 currus
1168 2481 1445 2533 Aminadab⁷‚
1464 2501 1480 2524 »
1502 2472 1545 2542 id
1578 2489 1666 2531 est,

359 2597 369 2611 ¹
395 2588 516 2622 Matth.
545 2599 631 2627 xm,
658 2589 711 2622 32.
740 2610 780 2617 —
799 2599 810 2614 ε
830 2590 946 2624 Ezeeh.
970 2600 1001 2627 1,
1026 2591 1074 2623 15.
1101 2608 1141 2615 —
1164 2593 1179 2616 3
1197 2590 1282 2624 Ibid.
1302 2591 1410 2631 24.-
1424 2575 1539 2630 ⁴1bid.
1555 2599 1609 2630 ει.
1626 2605 1668 2614 -

312 2642 328 2667 ⁵
347 2641 431 2679 Psal.
450 2651 549 2683 xvm,
568 2654 600 2678 a.
618 2661 659 2688 g:
675 2644 691 2669 6
704 2643 823 2681 Ezech.
838 2655 864 2686 ι,
881 2639 933 2680 8'0.
949 2643 990 2671 ὲ-
1009 2651 1021 2676 7
1041 2642 1138 2681 Ceut.
1154 2655 1201 2685 vr,
1223 2639 1271 2677 ix.
