1742 3233
400 294 451 320 DE
487 293 563 320 Non
599 291 650 320 m·
686 292 804 319 Anca.
844 293 962 320 mmm
996 294 1109 321 unns.
1347 282 1428 333 445

78 370 155 414 Dei
172 371 336 419 scribit,
356 379 398 412 et
413 371 542 412 homo
559 370 636 412 sub
654 372 746 428 lege
768 371 952 413 nutritus
967 403 977 421 ,
1000 380 1042 413 et
1058 368 1116 413 illi
1131 373 1276 414 volunt
1295 372 1432 416 Deum

80 449 312 483 atramento
335 440 564 497 scripsisse,
581 456 667 482 non
690 440 861 497 Spiritu.

136 511 281 554 XLVI.
320 511 428 567 Ergo
451 519 498 552 ut
521 513 573 552 acl
594 510 807 568 superiora
832 510 1052 551 redeamus
1067 543 1078 559 ‚
1104 512 1216 553 delet
1236 512 1347 554 Deus
1364 528 1433 554 re-

79 581 383 622 surrectionem
411 581 572 628 carnis,
603 589 799 636 tanquam
825 580 990 636 apicum
1021 581 1321 638 scriptionem:
1350 599 1432 639 quo

80 651 316 691 declaratur
338 651 451 705 quod
473 650 727 706 superfluam
746 649 967 690 hominum
987 650 1244 692 nativitatem
1262 660 1433 708 propter

79 720 334 776 impietatem
359 719 449 776 ejus
473 720 671 762 deleverit
699 719 836 777 specie
862 720 1096 762 litterarum
1117 737 1126 762 :
1153 722 1430 764 substantiam

81 797 219 830 autem
255 797 297 830 et
328 790 687 830 conversationem
719 789 882 846 generis
916 799 1098 831 servaret
1124 790 1296 832 humani
1323 794 1434 834 velut

80 859 357 916 perpetuitate
384 860 642 908 tabularum,
676 868 722 900 ut
748 875 797 900 cx
819 875 866 900 ea
891 875 1033 901 semen
1061 860 1269 916 reliquum
1301 863 1435 917 pullu-

79 928 195 968 laret.
233 927 309 968 Cui
344 929 555 969 sentcntiae
585 928 808 970 convenire
841 928 967 970 etiam
1000 929 1104 970 illud
1138 930 1303 971 videtur
1323 933 1436 986 quod

78 997 162 1038 ait:
197 1015 212 1035 «
232 998 392 1039 Delebo
410 1030 421 1046 ,
458 998 614 1054 inquit,
648 1013 817 1038 omnem
851 998 1206 1039 resurrectionem
1232 999 1380 1041 carnis.
1408 1019 1424 1039 »

76 1067 389 1109 Resurrectioni
411 1076 550 1108 autem
575 1068 790 1108 communi
808 1083 887 1108 usu
908 1076 1068 1109 naturae
1094 1069 1304 1109 contraria
1326 1069 1435 1111 vide-

78 1144 147 1177 tur
169 1151 256 1177 esse
278 1136 490 1194 purgatio3
516 1136 610 1192 quia
637 1137 885 1193 purgatione
904 1136 1120 1184 reciditur,
1137 1145 1178 1178 et
1191 1138 1435 1195 reprimitur

79 1206 395 1247 resurrectionis
420 1206 594 1247 luxuria.
623 1205 760 1247 Omne
787 1214 927 1247 tamen
951 1208 1064 1262 quod
1089 1216 1314 1265 purgatur,
1340 1225 1436 1267 spe—

80 1275 187 1316 ciem
218 1276 392 1324 amittit,
428 1275 703 1317 substantiam
731 1292 850 1317 suam
881 1284 1040 1325 servat,
1074 1285 1199 1333 atque
1221 1279 1427 1322 meliorat.

78 1346 289 1402 Repressit
311 1346 435 1402 igitur
455 1345 659 1388 Dominus
683 1345 753 1402 qui
782 1346 865 1401 jam
891 1347 1136 1404 purgatione
1171 1349 1314 1390 diluvii
1346 1365 1436 1391 cor-

78 1430 254 1472 poreum
276 1431 420 1464 usum,
448 1416 894 1472 conversationemque
924 1417 1202 1474 generationis
1230 1419 1321 1475 ejus
1344 1435 1434 1476 quae

80 1487 403 1542 degeneraverat
433 1500 454 1526 a
483 1486 636 1527 decore
663 1494 821 1527 naturae
855 1494 896 1527 et
928 1486 1089 1543 accepti
1118 1489 1329 1536 muneris,
1362 1505 1435 1531 ve-

78 1563 230 1597 nustat.
258 1556 356 1597 Haec
380 1556 615 1596 secundum
636 1556 832 1597 litteram.
862 1556 990 1606 Quod
1007 1563 1148 1597 autem
1170 1558 1221 1598 ad
1245 1558 1435 1600 altiorem

78 1626 259 1683 pertinet
281 1640 447 1667 sensum
472 1625 615 1667 diluvii
633 1625 790 1682 species
807 1633 932 1682 typus
945 1634 1006 1667 est
1017 1626 1273 1683 purgationis
1288 1620 1443 1671 animae‘

79 1703 243 1737 nostrae.
270 1695 414 1751 Itaque
437 1710 535 1736 cum
562 1709 680 1736 mens
702 1703 843 1737 nostra
869 1711 911 1736 se
935 1710 955 1735 a
980 1696 1267 1752 corporalibus
1287 1699 1435 1741 mundi

79 1764 205 1820 hujus
234 1763 442 1805 illecebris
462 1763 615 1819 quibus
638 1771 732 1805 ante
756 1765 1060 1813 delectabatur,
1088 1765 1292 1815 abluerit,
1314 1767 1435 1809 honis

82 1849 250 1891 quoque
274 1833 594 1890 cogitationibus
616 1833 765 1874 veteris
785 1834 1005 1875 colluviem
1024 1835 1262 1891 cupiditatis
1281 1837 1436 1878 abster-

84 1912 176 1961 get,
217 1912 413 1960 tanquam
457 1902 696 1959 purioribus
733 1903 959 1945 absorbens
1001 1903 1117 1959 aquis
1167 1905 1436 1949 turbidorum

83 1975 197 2032 prius
220 1973 540 2015 amaritudinem
559 1972 829 2014 fluentorum.

144 2042 310 2087 XLVII.
345 2059 361 2079 «
377 2043 429 2083 Et
450 2042 570 2090 fecit,
595 2042 750 2098 inquit,
769 2042 908 2084 omnia
933 2042 1020 2084 Noe'
1044 2058 1134 2099 quae
1158 2046 1370 2088 mandavit
1397 2048 1436 2089 ei

83 2113 288 2156 Dominus
318 2112 431 2153 Deus
449 2111 480 2153 ¹.
504 2130 519 2151 »
545 2111 689 2153 Justus
711 2114 906 2153 mandata
931 2113 1112 2170 accepit,
1138 2129 1279 2156 servus
1302 2115 1437 2174 impe-

86 2182 158 2223 ria.
187 2181 265 2223 Hic
291 2181 413 2222 amici
437 2189 630 2222 censetur
652 2183 746 2223 loco
769 2182 838 2238 qui
862 2181 1008 2223 fecerit
1038 2197 1315 2240 quaecumque
1347 2201 1439 2228 exe-

87 2253 251 2309 quenda
269 2252 519 2308 susceperit:
539 2252 607 2294 ille
623 2252 694 2308 qui
712 2259 831 2293 nutat
848 2252 1209 2308 obsequiis,'oneri
1228 2256 1436 2299 servitutis

88 2314 305 2364 addicitur.
331 2322 522 2378 Denique
544 2330 585 2363 et
606 2322 812 2363 Dominus
834 2321 858 2362 J
863 2336 956 2362 esus
986 2321 1089 2363 dicit
1115 2322 1157 2362 in
1178 2323 1402 2381 Evangelio
1423 2343 1433 2368 :

98 2410 114 2430 «
136 2391 217 2435 Vos
235 2392 359 2434 amici
380 2392 462 2434 mei
479 2392 574 2434 estis
587 2425 597 2440 ,
618 2392 650 2433 si
670 2392 851 2434 feceritis
868 2406 959 2447 quae
975 2391 1173 2448 praecipio
1192 2394 1319 2436 vobis.
1341 2396 1437 2438 Jam

88 2476 203 2504 »non
225 2462 362 2503 dicam
385 2477 457 2504 vos
473 2477 613 2503 servos
625 2461 654 2503 ².
679 2480 694 2501 »
715 2461 936 2504 Mandatur
953 2471 1052 2518 ergo
1075 2469 1120 2502 ut
1139 2462 1272 2504 amico
1288 2496 1299 2512 ,
1322 2480 1437 2509 man-

89 2534 213 2576 datur
243 2539 290 2574 ut
320 2533 358 2575 ei
387 2532 457 2589 qui
485 2532 621 2575 valida
644 2531 867 2581 charitate,
893 2531 1034 2574 sobrio
1056 2531 1230 2578 consitio
1251 2548 1314 2583 ea,
1344 2550 1435 2593 quae

130 2633 145 2667 ⁷¹
164 2623 247 2658 Gen.
262 2633 321 2663 vn,
337 2624 369 2658 5.
383 2641 424 2648 —
439 2634 450 2648 ²
468 2623 564 2659 Joan.
581 2634 633 2663 xv,
651 2623 698 2662 14,
720 2623 767 2655 ι5.
