1747 3260
341 261 397 289 20
794 256 973 284 SANCTUS
1008 255 1243 291 AMBROSIUS,

340 337 605 399 domaret3
633 334 703 384 ita
734 331 878 402 apud
909 333 1149 383 homines
1179 343 1361 398 notus,
1398 345 1456 385 ut
1485 335 1695 405 sapien-

338 419 527 471 tissimi
546 418 646 468 viri
671 434 869 466 novum
891 416 1221 467 Salomonem
1246 415 1471 468 invisuri
1491 435 1551 467 ex
1572 419 1693 468 Per-

337 500 452 553 side
482 499 820 561 devenirent3
842 497 911 548 ita
939 509 1127 567 potens
1155 497 1297 566 apud
1327 500 1526 564 Deum,
1554 510 1613 550 ut
1641 511 1694 551 et

338 583 604 635 daemones
640 579 857 649 ejicere,
897 591 946 630 et
982 579 1198 630 morbos
1233 599 1440 647 sanare,
1471 592 1522 632 et
1554 600 1696 631 mor-

335 676 458 718 tuos
487 663 739 716 suscitare
769 661 981 711 valeret.

406 748 528 798 Non
554 746 625 796 ita
651 743 820 793 multo
844 754 983 812 post,
1018 761 1159 793 anno
1180 742 1428 794 videlicet
1454 743 1580 816 392,
1607 764 1696 796 oc-

336 829 432 881 cisi
461 827 528 878 ab
569 825 870 893 Arbogasto
910 824 1272 874 Valentiniani
1304 824 1559 893 junioris,
1599 827 1695 895 qui

334 908 578 962 nondum
608 906 935 976 baptismum
972 917 1301 975 susceperat,
1333 906 1422 956 sed
1459 908 1698 958 christia·
1745 925 1747 930 ⁴

334 994 420 1044 nis
435 991 541 1062 jam
563 990 826 1041 enituerat
846 987 1165 1052 virtutibus,
1188 989 1558 1056 panegyricam
1583 1008 1698 1040 ora·
1743 1015 1745 1020 ¹

335 1076 538 1127 tionem
569 1089 747 1122 coram
777 1069 924 1119 Justa
952 1080 1000 1119 et
1029 1070 1216 1134 Orata,
1238 1068 1476 1121 defuncti
1502 1072 1698 1121 sorori-

337 1156 468 1222 bus,
497 1153 563 1205 ad
589 1151 849 1222 populum
882 1150 1093 1215 habuit,
1130 1151 1413 1221 ipsumque
1447 1152 1699 1204 Theodo-

338 1240 494 1302 sium,
506 1235 599 1306 qui
617 1234 752 1284 filios
768 1243 948 1283 sancto
961 1231 1424 1283 commendaverat
1436 1234 1696 1303 pontifici,

339 1318 532 1371 morbo
549 1316 706 1367 citius
718 1332 859 1364 anno
872 1313 973 1384 395
988 1314 1231 1364 Ecclesiae
1245 1326 1482 1384 raptum,
1500 1316 1699 1385 pariter
1738 1315 1739 1318 ’

342 1419 521 1454 coram
543 1396 788 1449 Honorio
812 1396 1132 1464 imperatore
1160 1394 1413 1446 laudavit.
1736 1397 1737 1400 ’

411 1484 583 1533 «Post
608 1479 720 1530 dies
740 1479 838 1528 hos
865 1476 1113 1527 ordinato
1154 1475 1425 1527 sacerdote
1453 1478 1698 1530 Ecclesiae
1733 1501 1737 1540 ς

342 1562 645 1626 Ticinensi,
678 1558 870 1610 incidit
904 1559 959 1609 in
1000 1558 1387 1624 infirmitatem,
1425 1577 1530 1628 qua
1578 1580 1701 1612 cum

342 1646 589 1721 plurimis
625 1641 817 1693 diebus
846 1639 1176 1691 detineretur
1199 1640 1254 1689 in
1284 1640 1504 1707 lectulo,
1526 1660 1700 1694 comes
1730 1662 1733 1691 a

344 1732 529 1786 Stilico
551 1726 745 1779 dixisse
761 1724 945 1789 fertur,
958 1721 1105 1792 quod
1120 1733 1267 1772 tanto
1287 1723 1400 1773 viro
1421 1723 1702 1776 recedente
1728 1744 1732 1777 ;

346 1814 414 1867 de
453 1826 677 1881 corpore
710 1806 957 1858 interitus
993 1805 1293 1856 immineret
1328 1805 1502 1857 Italiae.
1544 1807 1731 1859 Undet

349 1891 655 1950 convocatis
675 1887 742 1939 ad
767 1905 820 1938 se
843 1885 1121 1937 nobilibus
1141 1886 1269 1937 viris
1292 1887 1434 1938 illius
1456 1889 1702 1956 civitatis,
1726 1877 1729 1938 ζ

350 1997 486 2052 quos
505 1973 656 2041 diligi
681 1989 710 2021 a
737 1980 918 2021 sancto
941 1967 1212 2019 sacerdote
1233 1981 1576 2037 cognoverat,
1598 1971 1702 2023 illis
1724 1984 1728 2023 .·

347 2058 611 2136 persuasit
631 2065 690 2105 ut
710 2061 992 2123 pergerent
1009 2049 1074 2101 ad
1097 2061 1335 2101 sanctum
1353 2049 1703 2120 sacerdotem,

350 2143 742 2208 suaderentque
763 2135 839 2186 illi
867 2144 925 2184 ut
948 2133 1050 2183 sibi
1070 2132 1287 2183 vivendi
1317 2144 1519 2203 peteret
1545 2153 1573 2185 a
1598 2136 1721 2185 Do·

349 2229 497 2281 mino
525 2230 890 2276 commeatum.
918 2213 1081 2280 Quod
1109 2215 1195 2265 ilie
1224 2214 1318 2265 ubi
1340 2214 1407 2265 ab
1430 2215 1533 2267 illis
1552 2215 1706 2268 audi-

350 2313 452 2378 vit,
481 2302 760 2377 respondit
783 2320 793 2351 :
824 2300 945 2350 Non
976 2298 1048 2349 ita
1075 2297 1214 2348 inter
1241 2315 1336 2348 vos
1364 2297 1496 2362 vixi,
1518 2309 1578 2348 ut
1606 2317 1706 2367 pu-

351 2394 474 2446 deat
494 2408 575 2443 me
594 2388 790 2450 vivere,
811 2400 908 2434 nec
928 2381 1088 2432 timeo
1102 2379 1254 2447 mori,
1275 2378 1400 2448 quia
1412 2379 1720 2430 Doniinum;

348 2477 556 2528 honum
578 2469 853 2522 habemus.

421 2581 446 2608 ³>
474 2555 558 2608 Ab
610 2553 741 2604 hora
787 2558 963 2599 autem
1006 2544 1217 2597 circiter
1261 2543 1544 2599 undecima
1597 2543 1716 2601 diei
