1742 3233
465 331 755 359 ΗΕΧΑΓ-,Μειιολκ
796 333 874 360 mss.
912 332 966 360 η.
1312 324 1402 372 245»

42 415 236 450 naturam
258 422 372 449 suam
391 408 572 451 humana
601 410 860 452 institutione
879 412 1107 467 deponunt.
1132 411 1402 454 Obliviscun-

42 486 107 518 tur
127 479 240 533 quod
259 485 353 519 nata
376 488 488 527 sunt,
515 480 694 522 induunt
717 482 830 537 quod
850 480 1067 536 jubentur.
1097 481 1209 532 Quid
1232 483 1394 523 multa?

38 546 255 590 Doeentur
275 555 321 588 ut
351 548 533 605 parvuli,
561 550 747 591 serviunt
768 558 814 591 ut
836 548 1015 598 infirmi,
1049 550 1326 591 verberantur
1353 560 1399 593 ut

39 616 194 666 timidi,
217 617 484 675 corriguntur
499 627 541 660 ut
559 619 731 668 subditi,
754 620 793 660 in
817 635 955 662 mores
976 628 1193 662 transeunt
1208 630 1394 670 nostros;

39 687 233 745 quoniam
251 696 388 729 motus
411 689 601 746 proprios
622 690 911 747 perdiderunt.

97 757 319 800 XXXVII.
356 758 552 800 Mirabilis
572 759 697 816 igitur
714 768 863 801 natura
886 760 924 801 in
945 760 1134 801 maximis
1154 777 1165 809 ,-
1190 761 1395 803 mirabilis

37 827 148 869 enim
172 828 211 869 in
235 829 406 871 excelsis
427 830 655 879 Dominus,
676 830 877 872 mirabilis
896 830 1019 872 etiam
1046 831 1085 871 in
1110 831 1307 873 minimis.
1333 832 1401 873 Si-

38 905 109 938 cut
126 897 236 939 enirn
259 914 343 939 non
361 899 498 940 minus
515 901 635 957 plana
660 901 924 958 campOrum,
944 916 1069 957 quam
1089 901 1296 942 montium
1317 904 1401 944 alta

37 967 269 1017 miramur,
303 984 379 1010 nec
415 971 508 1026 plus
542 971 802 1012 altitudinem
842 971 955 1012 codri
987 979 1232 1027 stupemus,
1271 986 1398 1027 quam

39 1036 128 1079 vitis
147 1046 217 1078 aut
237 1039 338 1079 oleae
361 1039 498 1080 brevis
516 1039 834 1082 soecunditatem
856 1056 865 1081 :
892 1041 947 1081 ita
968 1055 1049 1081 non
1070 1041 1247 1097 amplius
1266 1041 1398 1083 miror

37 1107 305 1163 elephantum
331 1107 426 1165 quia
454 1124 655 1166 procerus
679 1119 772 1159 est,
802 1124 927 1166 quam
960 1125 1123 1151 murem
1151 1110 1247 1166 quia
1276 1111 1398 1152 terri-

36 1176 128 1219 bilis
150 1177 371 1234 elephanto
389 1187 462 1221 est.
491 1179 658 1221 Naturae
674 1180 798 1237 igitur
820 1180 908 1221 haee
927 1180 1112 1237 potentia
1130 1188 1191 1221 est
1211 1212 1222 1228 ,
1241 1188 1288 1221 ut
1313 1188 1391 1222 ter-

39 1245 172 1287 ribilia
201 1247 305 1297 aliis,
329 1248 417 1289 aliis
442 1250 689 1291 meticulosa
713 1250 805 1291 sint.
838 1249 911 1291 Est
933 1250 1045 1290 enim
1069 1251 1221 1291 donata
1239 1266 1403 1307 praero-

36 1316 167 1372 gativa
190 1319 381 1373 quaedam
400 1318 570 1377 singulis
593 1321 794 1361 creaturis
811 1352 820 1367 ,
844 1328 888 1361 ut
906 1320 1155 1376 quibusdam
1174 1320 1411 1377 privilegiis

35 1387 211 1443 propriis
234 1387 470 1430 fulciantur.
500 1390 794 1431 Formidabilis
812 1390 942 1431 tauris
965 1390 1213 1446 elephantus
1231 1405 1400 1431 murem
1441 1399 1447 1404 ’

37 1456 165 1499 timet.
198 1457 282 1499 Leo
307 1460 477 1515 quidem
505 1476 578 1501 rex
605 1460 789 1501 serarum
812 1460 961 1518 exiguo
995 1460 1226 1517 scorpionis
1250 1461 1400 1501 aculeo

37 1526 288 1584 exagitatur,
324 1537 365 1570 et
398 1545 558 1571 veneno
585 1530 788 1587 serpentis
819 1530 1038 1571 occiditur.
1076 1529 1237 1570 Eximia
1265 1530 1399 1571 leonis

37 1597 305 1654 pulchritudo
338 1608 552 1641 comantes
585 1600 747 1642 cervice
776 1607 887 1641 toros
915 1598 1102 1647 excutit,
1135 1599 1200 1639 vel
1233 1599 1398 1640 sublato

37 1675 208 1724 pectore
230 1669 379 1710 attollit
397 1685 482 1711 ora.
506 1669 590 1711 Sed
611 1669 703 1726 quis
729 1684 812 1711 non
837 1669 1014 1710 miretur
1032 1676 1115 1708 tan]
1138 1667 1256 1708 brevi
1280 1683 1399 1709 scor—

38 1737 170 1795 pionis
191 1741 351 1789 aculeo,
370 1749 414 1782 ut
436 1742 732 1799 incorporeum
752 1748 890 1798 putes,
916 1738 1148 1797 ingentium
1171 1753 1407 1795 corporum.

38 1806 148 1849 exire
171 1817 350 1851 mortem
374 1810 392 1851 P

95 1877 336 1922 XXXVIII.
375 1880 459 1922 Nec
481 1881 562 1922 hoc
585 1881 805 1938 quisquam
819 1879 1116 1937 reprehendat,
1139 1880 1253 1935 quod
1275 1878 1402 1919 Crea-

39 1956 103 1990 tor
126 1959 337 2007 serpentes
366 1950 568 1992 creaturis
593 1951 701 1999 suis,
729 1950 890 2006 aliaque
914 1950 979 1990 vel
1000 1948 1276 1989 animantium
1294 1979 1304 1995 ,
1335 1948 1398 1988 vel

37 2019 262 2062 herbarum
285 2036 437 2079 genera
455 2029 658 2063 venenata
674 2020 901 2062 miscuerit.
926 2019 1028 2061 Nata
1052 2027 1149 2060 sunt
1177 2018 1288 2058 enim
1305 2017 1398 2059 haec

40 2090 90 2132 ad
116 2091 425 2148 correptionem
453 2100 665 2139 nostram,
696 2105 779 2131 non
815 2090 866 2131 ad
895 2087 1258 2130 deformationem.
1293 2086 1401 2128 Nam

39 2175 184 2219 quaeo
146 2161 327 2209 iwaxis,
354 2170 424 2203 aut
437 2161 637 2210 infirmis,
659 2170 730 2202 aut
751 2160 887 2217 impiis
907 2160 1157 2217 plerumque
1176 2156 1398 2198 offensioni

39 2239 161 2289 atque
188 2233 336 2274 terrori
368 2241 488 2282 sunt,
523 2232 611 2274 aliis
642 2231 736 2273 usui
759 2231 814 2273 ita
842 2237 938 2271 sunt
970 2229 1084 2278 haee,
1109 2236 1157 2269 ut
1186 2226 1427 2285 paedssgogit

0 2297 1 2333 ἶ
38 2302 229 2360 parvulis.
256 2302 399 2345 Amari
425 2303 640 2351 videntur,
667 2300 808 2343 acerbi
830 2309 872 2341 et
895 2298 1083 2346 molesti,
1114 2297 1400 2339 formidabiles

39 2372 234 2421 verbere,
260 2373 498 2415 libertatem
523 2371 767 2414 lasciviendi
792 2377 969 2427 negant,
993 2367 1288 2409 necessitatem
1315 2365 1402 2407 dis-

2 2430 3 2436 *
41 2441 200 2499 ciplinae
217 2443 403 2501 exigunt,
422 2443 601 2500 pueriles
620 2442 794 2490 animos,
819 2455 871 2481 ne
891 2441 991 2481 luxu
1010 2438 1213 2485 defluant,
1240 2444 1405 2478 terrore

2 2538 5 2560 ι,
41 2512 359 2570 constringunt3
395 2513 572 2570 ideoque
592 2511 746 2554 horum
777 2509 1016 2552 austeritate
1048 2507 1157 2564 frugi
1180 2507 1401 2555 evadunt,

4 2630 6 2634 y
43 2581 189 2631 sobrii,
210 2582 497 2632 continentes,
520 2582 636 2624 laudi
656 2582 786 2639 magis
819 2595 945 2638 quam
972 2580 1071 2621 ludo
1099 2576 1241 2619 dediti.
1274 2575 1410 2617 *rides-

6 2690 7 2702 *
42 2650 142 2710 quid
157 2652 355 2696 terribilia
381 2652 456 2695 ista
478 2652 642 2712 flagella
662 2650 918 2710 proficiant?
942 2649 1009 2693 Sic
1028 2657 1069 2691 et
1091 2655 1304 2707 serpentes
1322 2645 1403 2687 ssa-
