1742 3233
322 255 406 309 594
860 264 890 289 s.
931 264 1121 291 Aiinnosn

319 346 473 388 :ethera
506 347 682 386 vocant,
713 353 796 379 non
828 354 877 379 ex
906 347 1154 380 caelerorum
1185 342 1487 381 elementorum
1525 343 1669 383 volunt

322 412 575 457 admixtione
600 417 789 451 constare
811 422 819 448 :
844 410 915 449 sed
945 409 1204 465 splendidam
1219 441 1229 458 ‚
1254 417 1295 449 ct
1317 411 1449 450 multo
1469 409 1670 466 refulgen-

323 493 405 526 tem
420 481 593 527 lumine,
613 493 705 534 quae
723 492 807 518 non
818 485 938 518 terrae
957 479 1172 519 sordidum
1188 495 1198 526 3
1224 494 1301 520 nec
1319 494 1520 534 aquarum
1537 480 1671 520 humi-

321 556 422 596 dum
439 584 449 599 ,
472 565 552 591 nec
572 547 676 590 ae'ris
696 547 945 588 nebulosum
961 580 972 596 ,
988 563 1065 589 nec
1084 548 1189 605 ignis
1211 549 1336 605 ipsius
1353 549 1524 590 rutilum
1548 550 1671 605 quid—

321 637 447 680 quam
468 618 664 675 rccipiat,
691 631 741 658 ex
769 616 912 672 quinta
943 618 1125 673 quadam
1154 627 1253 675 οὐσίᾳ
1279 632 1367 659 esse
1396 627 1605 666 asserunt,
1631 628 1673 660 ct

317 694 432 734 velut
443 691 658 733 volucrem
671 685 818 728 mundi
829 685 956 742 hujus
974 695 1160 728 mentem
1174 687 1426 729 velociorem
1442 688 1672 744 puriorem-

319 777 402 819 que
418 775 507 801 csse
528 756 686 799 caeteris
704 754 906 812 partibus.
927 755 1032 797 Nam
1046 756 1134 798 aliae
1151 756 1289 798 mixtae
1311 757 1390 798 sibi
1406 765 1448 799 et
1465 767 1671 800 concrctoe

320 838 430 873 sunt.
467 827 550 871 Nos
584 832 724 867 autem
752 823 857 866 nihil
887 825 1112 868 materialis
1143 826 1456 883 compositionis
1485 827 1674 868 immune

319 911 443 957 atque
475 897 657 939 alienum
688 902 908 951 putamUS‚
939 903 1092 951 praeter
1119 895 1233 937 illam
1265 897 1397 938 solam
1426 899 1673 939 veneranda}

316 968 530 1014 Trinitatis
554 964 826 1008 substantiam
841 996 852 1012 ,
873 979 964 1020 quae
985 980 1082 1006 vere
1103 980 1209 1022 pura
1231 980 1279 1006 ac
1306 965 1481 1022 simplex
1504 966 1674 1007 sincerae

318 1039 677 1098 impermixtaeque
697 1043 857 1077 naturae
879 1043 941 1076 est
962 1050 971 1076 :
997 1035 1187 1091 quamvis
1210 1036 1335 1092 aliqui
1357 1044 1506 1093 putent
1528 1037 1579 1078 (16
1602 1037 1674 1078 illa

321 1112 465 1169 quinta
494 1120 594 1166 οὺσιᾳ
616 1109 755 1150 lucem
787 1120 876 1146 esse
905 1105 1152 1153 clariorem,
1184 1106 1235 1147 de
1261 1121 1342 1162 qua
1370 1105 1520 1147 dixerit
1541 1105 1675 1148 David

317 1183 431 1238 quod
452 1179 565 1221 Deus
589 1177 641 1218 sit
660 1176 947 1218 circumdatus
968 1176 1108 1216 lucem
1134 1175 1595 1220 siet1tvestin20ntum1.
1624 1176 1675 1217 Et

319 1251 543 1310 Apostolus
562 1246 774 1303 scripserit
795 1247 847 1287 de
869 1245 957 1302 ipso
981 1245 1271 1302 omnipotente
1287 1246 1392 1294 Deo,
1411 1248 1525 1302 quod
1556 1264 1572 1284 «
1594 1245 1670 1287 So—

319 1323 412 1365 »lus
436 1320 592 1362 habeat
620 1315 1002 1363 immortalitatem,
1030 1323 1072 1356 et
1098 1316 1238 1357 lucem
1266 1315 1428 1358 habitet
1449 1315 1672 1357 inaccessi-

318 1391 476 1434 »bilem
495 1387 526 1430 ².
555 1406 570 1427 »

374 1459 483 1504 LIX.
522 1457 617 1508 Qua
636 1464 776 1498 autem
793 1455 954 1497 ratione
973 1454 1122 1496 dixerit
1136 1456 1249 1511 quod
1269 1470 1364 1497 aves
1381 1454 1675 1497 descenderint

319 1545 444 1589 supra
468 1527 596 1571 divisa
625 1540 802 1583 corpora
827 1523 991 1572 vitulae,
1018 1539 1151 1581 caprae
1167 1556 1178 1572 ‚
1208 1532 1331 1581 atque
1360 1524 1498 1566 arietis
1520 1523 1531 1544 ³
1551 1555 1563 1573 ,
1590 1538 1674 1565 non

316 1601 437 1644 facile
461 1595 651 1654 reperio,
676 1595 755 1636 nisi
778 1595 893 1650 quod
918 1593 1059 1635 omnia
1079 1602 1268 1643 terrena,
1293 1594 1524 1643 maritima,
1553 1602 1676 1650 atque

321 1672 408 1729 ipsa
440 1667 549 1710 aeria
573 1667 697 1723 plena
728 1671 824 1706 sunt
854 1663 1100 1705 insidiarum
1128 1679 1174 1705 ac
1197 1664 1576 1726 perturbationum.
1604 1663 1678 1707 Yi-

319 1743 472 1783 dentur
485 1736 598 1778 enim
617 1749 710 1776 aves
724 1733 811 1775 istae
826 1732 910 1774 cibi
925 1747 1048 1774 causa
1061 1734 1327 1776 descendisse
1344 1749 1468 1790 supra
1482 1747 1670 1791 corpora.

320 1807 576 1853 Naturaliter
609 1812 750 1846 autem
772 1802 1041 1845 violentiores
1071 1803 1339 1860 potioresque
1368 1803 1524 1845 viribus
1554 1816 1678 1858 super

320 1878 570 1922 infirmiores
584 1875 767 1922 irruunt,
783 1881 825 1914 et
835 1872 952 1929 quasi
964 1873 1141 1914 mortuis
1153 1873 1398 1931 corporibus
1410 1871 1675 1920 incumbunt,

321 1965 372 1991 ex
389 1944 613 2004 improviso
631 1943 892 1999 frequentius
914 1942 1120 1984 irruentes
1136 1958 1144 1983 :
1163 1945 1252 1992 vel,
1273 1943 1386 2000 quod
1406 1943 1542 1985 verius
1557 1951 1676 2000 puto,

322 2019 419 2076 quia
433 2017 628 2075 princeps
646 2012 796 2055 mundi
816 2012 965 2068 hujuS,
985 2021 1026 2054 et
1048 2014 1238 2054 volucres
1262 2013 1372 2062 coeli,
1400 2012 1679 2070 spiritualium

323 2086 520 2144 nequitiae
541 2099 634 2141 quae
658 2090 755 2124 sunt
782 2082 824 2123 in
848 2081 1087 2123 coelestibus
1102 2115 1113 2130 ,
1143 2097 1213 2124 eos
1235 2082 1306 2138 qui
1332 2083 1543 2124 mundana
1567 2081 1681 2123 solli-

325 2157 513 2200 citudine
535 2168 719 2209 curaque
733 2151 851 2194 divisi
869 2160 980 2201 sunt,
1001 2152 1114 2209 gravi
1135 2161 1255 2195 motu
1276 2153 1486 2194 incessant
1504 2160 1546 2194 et
1567 2153 1682 2194 velut

324 2229 528 2271 cadavera
550 2231 818 2265 mortuorum
836 2221 1065 2263 dilacerent
1087 2223 1212 2264 dente
1230 2238 1388 2280 aspero.
1411 2222 1473 2265 Dc
1491 2221 1554 2264 his
1568 2221 1682 2264 enim

324 2299 487 2342 dictum
508 2302 592 2337 est:
623 2310 638 2330 «
656 2291 860 2347 Relinque
879 2300 1067 2333 mortuos
1085 2292 1261 2349 sepelire
1281 2300 1471 2335 mortuos
1493 2307 1588 2334 suos
1602 2291 1614 2312 '⁸
1629 2308 1640 2340 3
1654 2310 1670 2331 »

323 2369 420 2427 quia
442 2373 538 2409 sunt
555 2366 605 2407 de
625 2378 755 2421 regno
777 2362 947 2410 diaboli,
971 2362 1095 2418 quiin
1118 2378 1160 2404 se
1175 2362 1312 2420 ipsum
1330 2363 1484 2405 divisus
1504 2371 1578 2405 cst.
1598 2362 1682 2414 Qui

325 2447 466 2481 autem
489 2442 586 2479 sunt
609 2435 660 2476 de
691 2447 820 2491 regno
842 2432 945 2482 Dei,
969 2432 1121 2490 quibus
1143 2432 1246 2477 dicit
1266 2433 1388 2476 Jesus
1407 2448 1417 2475 t
1453 2451 1470 2473 α
1490 2434 1682 2491 Regnum

373 2557 384 2573 ¹
416 2546 502 2580 Psal.
530 2554 608 2589 cui,
635 2554 664 2578 a.
693 2559 733 2569 -α
764 2551 778 2573 2
812 2553 825 2574 ι
854 2542 941 2578 Tim.
964 2552 996 2577 vx
1024 2542 1075 2575 16.
1108 2558 1149 2567 -
1179 2543 1194 2567 3
1217 2540 1302 2577 Gen.
1327 2553 1385 2583 XV,
1419 2551 1470 2576 ιι.
1490 2558 1531 2567 -
1564 2542 1582 2584 ἐ
1606 2540 1682 2575 Luc.

320 2616 379 2646 lx,
404 2602 459 2635 60·
1527 2587 1529 2589 ι
