1742 3233
383 367 434 405 im
467 367 677 405 mammo,
714 366 833 403 mmm
866 368 982 404 [fars.
1279 370 1363 426 ἑῇς)

20 448 140 500 lieres
161 459 323 498 sanctas
339 451 436 497 viris
454 453 538 497 suis
554 454 668 496 velut
687 451 867 495 dominis
883 449 1054 496 obedire
1071 453 1318 502 nmmoravi't
1333 460 1362 505 ¹.

20 529 70 570 Et
89 525 240 570 Paulus
261 527 316 568 ait
338 540 347 567 :
366 526 500 577 «Quia
520 525 653 567 Adam
679 539 763 565 non
781 532 842 566 est
866 527 1063 568 seductus
1091 541 1098 567 :
1124 525 1275 571 mulier
1301 548 1369 573 au-

20 607 133 641 »tem
164 599 334 640 seducta
357 596 397 637 in
429 595 768 653 praevarieatione
790 593 867 635 fuit
890 593 919 636 ².
950 595 1029 636 »Et
1051 596 1146 639 inde
1171 607 1371 644 contuen-

23 671 122 710 dum
148 668 242 724 quia
273 682 396 709 nemo
431 666 557 707 debet
587 664 663 706 sihi
691 664 810 705 facile
841 680 1105 721 przesnmere.
1139 668 1242 710 Nam
1272 687 1372 714 ecee

23 739 113 788 illa,
136 753 226 795 quae
249 738 291 778 in
310 736 602 792 adjumentum
623 734 730 775 saeta
754 743 815 775 est
836 734 941 782 viro,
964 737 1159 793 praesidio
1185 740 1287 783 virili
1312 743 1378 784 in-

24 810 158 866 diget3
189 808 284 864 quia
314 807 376 849 vir
406 814 532 862 caput
559 813 620 846 est
649 804 865 845 mulieris:
891 805 958 846 ille
990 815 1128 848 autem
1157 810 1227 865 qui
1254 812 1378 869 adju-

23 886 214 920 mentum
237 877 375 918 uxoris
397 876 638 918 habiturum
658 890 700 915 se
717 890 805 915 esse
826 875 1046 925 credebat,
1068 878 1204 934 lapsus
1221 890 1283 923 est
1302 899 1379 939 per

25 963 212 989 uxorem.
249 948 367 988 Unde
400 961 524 987 nemo
551 946 676 986 debet
706 944 826 986 facile
854 946 971 986 altori
1000 962 1042 987 se
1073 950 1266 999 credere,
1302 954 1382 996 nisi

27 1018 148 1075 cujus
162 1017 357 1059 virtutem
376 1015 577 1073 probarit,
590 1030 668 1056 nec
683 1030 875 1071 arrogare
896 1015 972 1055 sibi
988 1017 1056 1072 qui
1080 1034 1122 1058 se
1137 1035 1212 1076 pro
1232 1023 1382 1065 auxilio

28 1090 184 1147 putarit
212 1088 387 1130 ascitum
416 1102 425 1128 :
452 1088 523 1128 sed
563 1086 692 1142 magis
725 1085 755 1126 si
781 1085 983 1127 invenerit
1010 1088 1224 1132 fortiorem
1252 1094 1319 1135 eui
1343 1111 1387 1138 30

31 1159 204 1217 putabat
225 1173 316 1199 esse
340 1156 554 1214 praesidio,
581 1156 632 1196 ab
656 1155 743 1212 ipso
762 1155 935 1211 gratiam
960 1165 1198 1209 mutuetur,
1219 1162 1326 1205 sicut
1346 1175 1389 1208 et

32 1229 139 1271 viros
158 1227 403 1269 mulieribus
422 1227 627 1267 honorem
656 1225 869 1281 impertire
890 1230 1099 1282 apostolus
1121 1229 1266 1274 Petrus
1287 1250 1388 1291 prze-

36 1297 135 1356 cipit
158 1298 300 1339 dicens
321 1312 329 1337 τ
348 1314 362 1334 «
384 1296 468 1338 Viri
485 1295 675 1336 similiter
692 1295 980 1336 cohabitantes
1003 1301 1235 1342 secundum
1260 1304 1389 1347 seien-

36 1368 164 1409 »tiam
186 1375 387 1423 tanquam
418 1364 637 1406 infirmiori
671 1365 756 1406 vasi
785 1365 979 1406 muliebri
1004 1367 1287 1425 impartientes
1313 1376 1392 1417 ho-

37 1452 210 1478 »norem
226 1470 235 1485 ,
261 1445 456 1492 tanquam
481 1435 688 1477 cohaeredi
713 1435 853 1492 gratiae
877 1436 990 1485 vitae3
1016 1446 1061 1480 ut
1083 1454 1134 1482 ne
1157 1440 1393 1499 impedian-

38 1526 53 1547 >›
69 1516 136 1549 tur
158 1507 366 1547 orationes
394 1513 540 1547 vestrm
568 1505 596 1547 ³.
625 1524 640 1543 >›

97 1577 232 1620 XXV.
261 1577 369 1633 Ergo
393 1576 549 1633 positus
574 1584 635 1616 est
663 1575 704 1616 in
727 1577 919 1633 paradiso
948 1577 1032 1627 vir,
1058 1580 1164 1624 saeta
1182 1593 1244 1626 est
1262 1586 1302 1628 in
1320 1604 1395 1646 pa-

42 1648 177 1690 radiso
200 1647 363 1688 mulier.
387 1647 470 1688 Sed
493 1646 618 1688 etiam
642 1655 741 1688 tunc
763 1647 879 1704 prius
897 1664 1022 1704 quam
1043 1667 1063 1691 a
1081 1664 1273 1710 serpente
1300 1674 1397 1701 mu-

43 1719 119 1761 lier
152 1717 440 1775 deciperetur,
470 1717 619 1759 habuit
650 1717 727 1758 viri
758 1718 958 1774 gratiam,
987 1722 1184 1776 qnoniam
1218 1727 1268 1768 de
1308 1729 1397 1773 viro

46 1797 209 1846 sumpta
241 1796 303 1829 est
333 1802 342 1829 ε
373 1787 471 1829 lieet
491 1787 571 1827 hoc
597 1795 907 1829 sacramentum
929 1805 1126 1847 magnum
1151 1794 1201 1836 sit
1231 1795 1262 1846 ¹⁴,
1291 1800 1397 1845 sicut

0 1901 1 1907 ,
48 1859 273 1916 Apostolus
295 1857 407 1899 dixit.
437 1857 488 1899 Et
505 1857 598 1898 ideo
618 1872 785 1899 causam
805 1857 895 1899 x'itae
911 1874 967 1911 „ex
983 1875 1031 1901 eo
1058 1863 1192 1906 traxit.
1214 1867 1397 1927 Ideoque

47 1931 99 1972 de
115 1927 203 1970 viro
221 1937 384 1971 tantum
400 1927 614 1985 Scriptura
634 1928 750 1976 (lixit,
777 1928 912 1979 «Quia
929 1931 1067 1986 posuit
1088 1948 1183 1976 eum
1208 1936 1249 1978 in
1268 1954 1394 1996 para-

39 2017 54 2039 „
68 2000 156 2042 (ΠΕΟ
172 1999 349 2057 operari,
365 2006 405 2040 ct
422 1997 645 2039 custodire.
663 2017 677 2037 »
706 1998 798 2040 Non
817 1998 925 2039 idem
945 2009 1004 2041 est
1019 2005 1181 2058 operari
1193 2015 1234 2048 et
1251 2020 1394 2054 eusto-

41 2070 141 2112 djre·
165 2071 210 2111 In
236 2085 360 2127 opere
382 2069 494 2111 enim
518 2068 687 2125 quidam
710 2069 873 2110 virtutis
896 2085 1114 2126 processus
1132 2085 1216 2126 est,
1239 2079 1279 2120 in
1306 2097 1395 2126 eus—

42 2140 154 2182 todia
167 2141 357 2197 quaedam
369 2139 676 2182 consummatio
694 2139 831 2196 operis
849 2141 1199 2196 deprehenditur,
1215 2165 1263 2192 eo
1281 2158 1395 2210 quod

43 2211 157 2265 quasi
191 2218 478 2252 consummata
504 2209 725 2251 custodiat.
752 2210 850 2251 llaee
875 2211 956 2252 dno
981 2212 1031 2252 ab
1055 2213 1225 2259 homino
1252 2227 1395 2280 requi-

44 2288 216 2328 rantur,
242 2287 288 2320 ut
318 2287 359 2320 et
390 2279 585 2335 operibus
608 2295 714 2321 nova
739 2288 917 2336 quaerat,
946 2290 986 2322 ct
1017 2293 1135 2339 parta
1161 2293 1392 2347 custodiat,

47 2352 158 2412 quod
183 2358 245 2392 est
269 2350 473 2406 generale.
506 2348 653 2392 Philon
682 2358 841 2398 autem,
872 2352 1068 2406 quoniam
1100 2357 1296 2413 spiritalia
1325 2366 1399 2421 ju-

48 2422 166 2464 da‘1'co
188 2435 274 2462 non
292 2418 483 2476 capiebat
505 2417 680 2467 affectu,
702 2419 810 2461 intra
827 2421 999 2463 moralia
1019 2439 1061 2464 se
1085 2429 1237 2478 tenuit,
1267 2442 1313 2475 ut
1329 2438 1394 2479 di-

49 2499 161 2534 ceret
187 2491 275 2532 haec
306 2491 389 2531 duo
416 2488 568 2545 quaeri,
600 2503 725 2546 opera
749 2489 788 2530 in
814 2505 936 2547 agro,
971 2496 1202 2539 custodiam
1228 2501 1389 2550 domus.

0 2581 3 2586 ·
48 2561 100 2604 Et
121 2560 309 2618 quamvis
324 2560 539 2616 paradisus
556 2560 768 2617 operibns,
793 2560 947 2617 inquit,
969 2566 1177 2609 ruralibus
1195 2585 1277 2614 non
1300 2592 1397 2634 ege-

51 2640 135 2680 ret,
159 2640 300 2673 tamen
323 2630 419 2687 quia
442 2630 599 2687 primus
617 2629 743 2672 homo
761 2632 824 2672 lex
842 2633 1093 2688 posteritatis
1110 2636 1274 2685 futurus
1292 2659 1396 2700 erat,

98 2734 107 2749 ¹
130 2724 218 2758 Petr.
233 2735 285 2763 in,
307 2733 335 2758 ι.
350 2741 390 2748 --
409 2733 421 2749 ²
443 2733 452 2755 1
469 2723 555 2756 Tim.
576 2733 614 2763 11,
638 2723 741 2762 ιίι.-
755 2723 768 2748 3
785 2735 796 2756 1
813 2723 899 2758 Petr.
921 2737 971 2768 111,
988 2739 1020 2770 7.
1038 2747 1077 2754 —
1099 2731 1245 2776 4Ephes.
1263 2748 1294 2778 v,
1313 2739 1352 2773 '52

24 2788 28 2811 ¹
197 2794 275 2822 mv,
1199 2805 1218 2832 1
1225 2804 1253 2847 9

25 2827 31 2839 h

39 2766 45 2846 ἰ

42 2848 47 2891 t

31 2923 53 3023 ἐξ

51 3030 55 3069 ἱ

56 3135 61 3151 t

59 3202 63 3222 1
