1742 3233
547 314 881 350 mnom‘rmnns.
1309 301 1361 346 62
1367 316 1397 362 9

396 481 637 512 ΑΝΝΟΤΛΤΙΟ
674 469 763 528 (34)
798 485 892 528 pag.
934 469 1031 512 506.

98 620 158 660 Ita
174 619 446 678 interpretare
464 638 509 665 ac
527 623 559 665 si
576 624 787 666 (ficeretur
805 639 814 664 ε
833 623 938 675 Quae
958 624 1011 664 ob
1033 619 1194 664 divitias
1216 623 1391 665 insoles-

38 703 135 729 cens
162 690 390 749 conjugalis
418 694 733 737 necessitudinis
760 709 832 737 seu
854 694 1165 750 conjunctionis
1188 695 1298 750 leges
1323 709 1392 735 rc-

37 767 154 801 cuset
175 761 415 805 observare.

695 896 699 900 ,
760 879 773 897 ὗ

391 937 633 966 ΛΝΝΟΤΑΤΙΟ
670 924 760 982 (35)
796 940 890 982 pag.
931 928 1026 965 510.

93 1083 363 1126 Subobscura
385 1085 565 1133 locutio,
589 1100 714 1141 quam
736 1094 876 1127 tamen
900 1086 1012 1127 idem
1038 1085 1107 1126 hic
1127 1086 1265 1127 valere
1288 1086 1390 1127 exis-

33 1153 249 1202 timamus,
284 1169 332 1196 ac
365 1154 506 1196 felices
536 1155 619 1196 sive
651 1157 909 1203 commodae,
938 1164 985 1197 ut
1012 1156 1063 1196 sit
1095 1171 1269 1197 sensus:
1296 1156 1387 1198 Non

34 1232 94 1264 sat
116 1225 348 1266 commodae
375 1232 471 1266 sunt
501 1225 542 1266 in
571 1225 772 1267 divisione
804 1226 1047 1282 hujusmodi
1080 1226 1385 1283 possessiones3

31 1292 126 1348 quia
141 1293 344 1335 minuitur
361 1293 560 1336 meritum
575 1295 807 1343 utiliorum,
822 1297 936 1351 quod
948 1295 1029 1337 sint
1040 1295 1178 1337 minus
1197 1311 1386 1347 amoence,

34 1370 76 1404 et
97 1364 374 1407 amoeniorum
390 1397 401 1413 ,
426 1366 538 1422 quod
556 1365 638 1408 sint
661 1365 800 1407 minus
826 1365 962 1407 utiles.

452 1529 697 1563 ANNOTATIO
736 1518 826 1577 (36)
863 1519 962 1562 ibid.

89 1688 227 1729 Actor
250 1689 372 1745 agri,
403 1688 515 1731 idem
547 1696 610 1730 est
639 1703 687 1729 ac
718 1688 897 1730 rusticus
916 1702 1172 1729 oeconomus.
1203 1685 1379 1727 Inferius

31 1765 169 1798 autem
194 1757 232 1796 V
236 1759 368 1800 oculis
392 1758 545 1800 dicitur
567 1759 632 1799 vel
654 1757 724 1814 qui
747 1758 848 1798 scite
871 1756 1005 1804 canit,
1030 1758 1094 1797 vel
1115 1756 1383 1797 moderandae

30 1827 141 1868 vocis
157 1827 593 1884 pronuntiationisque
609 1827 822 1884 magister,
843 1842 969 1883 quem
981 1826 1106 1868 eliam
1124 1826 1385 1883 phonascum

31 1896 281 1940 vocitabant.

387 2064 627 2093 ANNOTATlo
665 2049 755 2106 (37)
792 2064 883 2106 pag.
926 2051 1020 2090 515.

88 2205 284 2248 Nonnulli
306 2206 571 2248 occasionem
588 2220 637 2247 ex
659 2205 723 2246 his
745 2204 884 2246 vorbis
908 2204 1197 2261 arripuerunt,
1224 2210 1267 2243 ut
1285 2202 1363 2244 An}

29 2275 216 2317 brosium
247 2291 466 2333 perperam
493 2277 544 2318 (16
575 2275 779 2317 adulterio
813 2274 987 2316 sensisse
1011 2273 1377 2315 calumniai-entur.

30 2347 157 2403 Atqui
180 2356 342 2390 certum
368 2356 429 2390 cst
448 2348 488 2390 S.
511 2348 739 2389 Doctorem
762 2353 1000 2387 constanter
1025 2344 1216 2386 docuisse
1238 2344 1383 2401 probi--

29 2415 164 2458 bitum
198 2417 322 2458 fuisse
358 2417 609 2460 adulterium
640 2418 731 2474 lege
761 2414 960 2462 naturali,
994 2429 1172 2470 canique
1198 2415 1332 2470 legem
1363 2428 1383 2453 a

30 2487 197 2528 nemine
215 2487 395 2544 ignorari
416 2487 546 2546 (puta
565 2486 888 2543 invincibiliter)
911 2500 1096 2541 unquam
1117 2484 1313 2542 potuisse.
1337 2484 1384 2525 Id

31 2556 199 2613 quidem
227 2565 317 2599 tum
338 2574 388 2600 ex
413 2559 500 2600 aliis
528 2557 655 2616 ipsius
682 2557 878 2615 operibus
907 2570 1160 2613 cognoscere
1182 2563 1266 2602 est,
1292 2563 1382 2596 tum

32 2641 83 2670 ex
99 2626 181 2670 hoc
198 2627 286 2685 ipso
303 2627 410 2672 libro
428 2627 587 2686 liquido
608 2635 784 2671 constat.
810 2625 977 2670 Etenim
999 2624 1071 2667 ubi
1087 2631 1228 2667 narrat
1243 2637 1385 2680 quem—
