1742 3233
0 109 2 133 l

0 208 5 301 1
358 280 410 308 DE
444 280 521 308 NoE
554 278 606 307 ΕΤ
641 279 760 307 anca.
801 280 919 308 mma
953 280 1066 309 UNUS.
1303 270 1387 319 463

0 318 4 404 i
42 357 204 398 delatus
223 373 234 404 3
258 371 306 398 eo
325 358 437 412 quod
454 356 584 407 virtus
598 363 640 397 et
656 355 856 412 sapientia
879 356 920 398 in
943 372 1135 400 sermone
1151 358 1214 400 sui
1236 359 1390 402 habeat

0 408 2 476 i
40 426 332 468 claritudinem
346 458 358 474 ,
381 434 423 467 ct
450 426 537 482 ipsa
560 422 698 467 statim
718 425 858 482 specie
885 427 1027 468 lumen
1050 427 1141 483 ejus
1161 427 1386 486 effulgeat,

0 534 1 549 ¹
39 494 218 537 maxime
240 509 338 536 cum
363 493 537 552 pacifica
558 495 743 551 loquitur
756 511 768 543 3
792 495 991 551 quoniam
1013 496 1127 538 hunc
1144 513 1311 553 quoque
1328 512 1390 539 ra—

36 566 197 607 mulum
214 579 362 623 pacem
374 573 563 622 petentes
579 565 774 622 praeferre
787 574 1109 608 consueverunt.
1127 560 1240 608 Tulit
1250 582 1388 609 ramu-

38 634 150 683 lum,
183 649 232 676 eo
261 635 374 690 quod
406 634 649 691 simplicitas
677 634 859 692 puritate
886 649 934 676 ac
962 634 1199 677 sinceritate
1231 637 1389 678 semina

37 705 229 760 quaedam
257 704 427 746 auribus
449 705 601 746 nostris
628 704 818 748 utilitatis
847 704 1057 753 infundit3
1081 713 1123 747 et
1141 706 1264 747 bonae
1286 707 1389 747 doc-

39 773 146 815 trina
174 773 336 816 virtutis
369 782 439 816 aut
464 775 515 816 ad
542 773 790 816 industriam
823 783 1026 830 provocat
1044 807 1056 824 ‚
1090 783 1133 816 et
1162 775 1309 817 invitat
1337 776 1388 816 ad

37 844 255 900 praemium
286 844 408 885 bonae
440 843 517 885 sibi
559 844 773 885 conscium
812 844 1062 901 disciplinae,
1098 852 1169 887 aut
1197 846 1387 902 gerendae

36 912 306 969 poenstenfiae,
326 921 367 954 ct
383 914 604 969 sequendae
621 913 949 956 conversationis
967 915 1240 971 cupiditatem
1254 914 1387 971 injicit

33 983 257 1039 peccatori.

91 1051 278 1093 LXVIII.
319 1053 437 1094 Unde
457 1060 499 1094 et
515 1061 715 1109 praeterea
732 1053 975 1110 cognoverit
992 1061 1159 1095 sanctus
1181 1053 1270 1096 Noe
1290 1054 1386 1110 quia

34 1119 236 1163 defecerit
262 1136 369 1178 aqua
391 1137 412 1162 a
438 1129 548 1163 terra
569 1121 581 1142 ¹
597 1154 607 1169 ,
642 1122 751 1163 sicut
777 1123 980 1179 scriptum
1001 1131 1084 1170 est,
1115 1123 1386 1164 consideran-

35 1192 136 1233 dum
168 1192 346 1234 videtur.
386 1191 526 1233 Primo
566 1191 755 1233 omnium
787 1194 1022 1234 secundum
1049 1192 1254 1242 litteram,
1290 1193 1386 1249 quia

33 1261 170 1319 potuit
189 1261 418 1319 intelligere
439 1268 583 1303 utrum
606 1261 782 1309 siccum,
802 1277 853 1303 an
869 1262 1093 1304 humidum
1113 1262 1261 1304 solium
1277 1270 1386 1304 esset

34 1332 218 1373 allatum.
244 1332 408 1374 Deinde
427 1331 627 1388 quoniam
649 1346 733 1372 non
756 1341 818 1373 est
840 1332 1083 1389 hujusmodi
1106 1333 1317 1382 columba,
1339 1341 1388 1375 ut

33 1401 164 1458 possit
188 1400 350 1443 fruetus
380 1403 557 1444 latentes
579 1401 657 1443 sub
683 1416 788 1457 aqua
815 1417 976 1444 eruere.
1009 1402 1092 1444 Sed
1114 1411 1256 1444 utrum
1282 1403 1386 1445 illud

33 1470 180 1513 folium
201 1480 296 1514 ante
321 1470 524 1513 diluvium
546 1470 672 1512 suerit
697 1479 891 1512 exortum
905 1504 916 1519 ‚
935 1486 987 1513 an
1009 1480 1197 1528 tempore
1215 1472 1383 1520 diluvii,

35 1544 323 1585 contuendum
344 1549 407 1583 est
430 1541 518 1582 tibi.
550 1540 593 1582 Si
617 1548 710 1582 ante
735 1541 960 1590 diluvium,
984 1543 1048 1583 vir
1066 1542 1202 1598 justus
1223 1543 1384 1600 gavisus

34 1621 97 1655 est
116 1613 301 1654 fructum
323 1613 375 1653 de
394 1610 522 1653 veteri
545 1610 704 1652 semine
726 1619 984 1653 reservatum
998 1643 1009 1660 ,
1034 1619 1076 1653 et
1097 1612 1195 1653 inde
1215 1613 1384 1670 collegit

33 1683 329 1726 misericordiae
350 1682 510 1738 insigne
533 1680 694 1729 divince,
715 1681 828 1737 quod
848 1681 935 1737 jan]
958 1681 1160 1723 diluvium
1181 1683 1384 1724 removis-

36 1762 114 1802 set,
132 1768 226 1810 quae
239 1752 427 1794 fructum
444 1752 767 1798 demonstraret,
787 1750 856 1792 cui
877 1766 961 1792 non
980 1751 1215 1808 potuissent
1230 1768 1385 1796 nocere

36 1823 204 1866 diluvia.
227 1822 270 1864 Si
288 1820 430 1864 diluvii
451 1829 640 1877 tempore
661 1828 807 1861 natum
831 1828 893 1862 est
908 1820 1055 1863 solium
1069 1853 1080 1869 ,
1105 1823 1280 1865 advertit
1300 1824 1386 1864 uti-

35 1909 117 1951 que
132 1895 269 1951 justus
285 1906 392 1934 nova
407 1890 567 1932 semina
584 1889 881 1931 misericordiae
898 1889 1172 1932 fructificasse
1188 1893 1384 1942 coelestis,

36 1972 83 2007 ut
102 1963 263 2006 radices
286 1962 484 2003 arborum
507 1959 712 2008 viverent,
735 1968 777 2001 ct
799 1960 915 2016 quasi
938 1970 1151 2019 resumpta
1164 1962 1300 2004 anima
1318 1964 1389 2004 soe-

36 2043 102 2077 tus
125 2033 406 2092 germinarent
433 2038 617 2073 vetustos
632 2064 643 2079 ‚
674 2037 798 2086 atque
828 2030 870 2071 in
895 2039 1077 2072 assuetos
1102 2040 1245 2088 partus
1275 2034 1388 2075 redi-

35 2112 146 2153 rent,
170 2116 351 2160 quorutn
364 2100 566 2143 indicium
580 2100 791 2157 praemissa
807 2099 904 2141 solia
928 2102 1274 2144 demonstrarent.

93 2174 248 2217 LXIX.
286 2173 370 2215 Sed
385 2172 465 2213 hoc
483 2172 562 2212 alta
573 2169 712 2227 potius
728 2170 1069 2227 interpretatione
1083 2172 1248 2229 collegit
1261 2205 1272 2221 ,
1288 2174 1383 2229 quia

35 2245 242 2289 Dominus
272 2244 384 2286 Deus
407 2249 549 2284 noster
580 2240 766 2297 quamvis
798 2241 958 2282 acerbis
980 2241 1209 2297 iniqnitatis
1234 2252 1386 2285 nostrae

39 2316 222 2361 offensus
254 2322 363 2357 esset
386 2313 623 2361 erroribus;
660 2321 799 2354 tamen
830 2311 1009 2370 antiquas
1035 2313 1156 2354 nobis
1183 2315 1386 2372 prosapiae

36 2386 266 2444 patriaeque
285 2382 448 2426 virtutis
468 2396 612 2424 semen
636 2381 802 2438 aliquod
824 2372 901 2423 ves
911 2381 1108 2438 exiguum
1129 2392 1385 2432 reservaret,

36 2471 92 2500 nse
114 2455 281 2514 penitus
301 2453 439 2511 operis
459 2460 501 2494 et
531 2460 734 2494 creaturae
757 2467 840 2492 suae
871 2466 996 2493 omne
1017 2452 1128 2493 circa
1154 2452 1387 2497 humanum

36 2541 168 2586 genus
200 2532 488 2582 amputaretur
520 2522 694 2580 insigne.
734 2523 853 2566 Unde
887 2530 930 2565 et
966 2522 1106 2566 Esaias
1141 2522 1232 2566 ait:
1269 2524 1388 2569 «Nisi

84 2625 97 2641 ³
115 2616 199 2649 Gen.
217 2625 292 2656 vm,
310 2624 358 2647 n.
