1747 3260
360 312 441 353 128
903 326 933 354 s,
973 326 1163 353 Ammosn

350 406 495 461 Itaque
523 404 607 452 illa,
631 418 721 460 quae
752 411 843 460 post
866 403 1151 461 experimento
1170 435 1179 448 ‚
1205 417 1283 442 usu
1310 410 1351 443 et
1383 405 1573 460 exemplo
1594 404 1710 447 utilia

351 474 638 533 cognovimus,
663 489 710 514 ea
728 490 747 514 a
772 473 976 530 principio
1001 473 1176 514 Creator
1195 472 1262 513 cui
1287 473 1380 513 usui
1397 482 1489 530 apta
1511 475 1707 524 donaret,

349 544 620 604 praescieutiae
652 559 734 584 suae
755 542 973 598 majestate
995 544 1047 583 de
1079 542 1171 582 sinu
1199 550 1404 583 terrarum
1430 542 1553 598 jussit
1575 543 1703 586 exire.

409 614 556 658 LXVI.
595 614 644 655 Et
680 613 775 669 quia
809 612 930 669 jussit
970 611 1174 652 Dominus
1208 619 1254 652 ut
1292 611 1547 667 germinaret
1596 600 1708 656 terra

349 686 524 729 herbam
548 682 671 731 soeni,
696 691 735 723 et
758 682 918 739 lignum
942 682 1229 729 fructiferum,
1254 681 1410 722 faciens
1435 681 1620 723 fructum
1649 697 1708 724 se-

347 758 534 799 cundum
565 769 719 811 genus,
755 753 875 809 cujus
904 768 1046 794 semen
1080 753 1170 808 ejus
1204 753 1245 793 in
1277 767 1327 793 eo
1362 751 1436 807 (ne
1467 754 1574 794 sorte
1613 753 1706 809 quis

347 828 457 869 dicat
487 826 529 867 in
551 825 691 866 multis
724 824 941 865 arboribus
970 839 1105 880 neque
1141 823 1325 865 fructum
1351 857 1361 872 ,
1383 839 1529 880 neque
1561 840 1706 867 semen
1728 840 1736 846 ·

346 896 478 939 videri
500 928 510 944 ,
535 904 576 937 et
600 902 716 952 putet
750 894 937 935 divinum
961 894 1001 934 in
1035 894 1172 949 aliquo
1199 894 1393 935 vacillare
1420 902 1702 951 praeceptum,
1728 915 1731 918 *

347 976 395 1009 ut
419 983 439 1008 a
456 966 629 1008 veritate
658 965 708 1006 sit
732 964 923 1022 devium)
952 965 1054 1005 illud
1075 966 1262 1006 advertat
1283 997 1293 1013 ‚
1319 965 1413 1021 quia
1436 980 1701 1021 nequaquam

344 1037 435 1079 fieri
453 1044 589 1094 potest
602 1068 612 1084 ,
630 1043 677 1077 ut
694 1050 776 1076 non
794 1043 863 1076 aut
882 1035 1110 1076 seminibus
1128 1043 1300 1076 utantur
1314 1035 1506 1077 universa
1526 1035 1702 1092 gignen-

342 1108 422 1156 tia,
456 1115 525 1148 aut
547 1107 729 1147 habeant
751 1106 885 1161 aliqua
911 1121 1002 1161 quae
1026 1105 1248 1147 rideantur
1273 1121 1371 1147 cuin
1392 1106 1547 1147 virtuto
1571 1106 1700 1148 semi-

338 1192 442 1221 num
467 1175 689 1218 convenire
716 1190 724 1216 :
753 1175 877 1231 idque
902 1174 933 1215 si
961 1175 1051 1231 quis
1079 1176 1299 1232 diligenter
1320 1175 1535 1223 intendat,
1562 1175 1698 1217 mani-
1746 1212 1747 1217 ,

338 1247 440 1289 festa
464 1245 754 1288 testificatione
781 1245 935 1301 poterit
961 1245 1335 1302 comprehendere.
1364 1245 1478 1288 Nihil
1503 1245 1698 1288 videntur
1744 1233 1747 1271 Ῐ

335 1317 503 1359 seminis
539 1316 693 1357 habere
726 1315 896 1362 salices;
931 1315 1089 1356 habent
1130 1323 1272 1357 tamen
1310 1316 1350 1357 in
1380 1315 1486 1374 soliis
1517 1330 1696 1372 granum
1743 1322 1745 1327 ’

334 1389 546 1444 quoddam
574 1387 687 1442 quod
709 1384 1080 1426 llabeat·vi1=t11tet11
1102 1385 1272 1426 seminis
1286 1417 1297 1433 ‚
1327 1393 1374 1427 ut
1396 1400 1446 1427 eo
1468 1385 1707 1428 commissos

335 1459 475 1507 terris,
512 1464 710 1512 tanquam
739 1455 872 1513 posito
897 1463 1036 1512 surgat
1061 1456 1183 1496 arbor
1214 1457 1264 1497 de
1291 1456 1490 1503 surculo;
1521 1463 1563 1496 et
1599 1463 1696 1497 tan·
1739 1450 1742 1463 ¹

334 1543 461 1584 quam
478 1529 530 1568 de
551 1526 706 1568 semine
733 1541 775 1566 se
797 1525 1032 1566 exsuscitet.
1060 1525 1200 1566 Grano
1220 1525 1359 1581 itaque
1377 1525 1447 1566 illo
1470 1525 1588 1566 radix
1604 1525 1693 1581 pri-—
1738 1530 1739 1535 ’

331 1612 450 1639 muln
473 1595 668 1638 coalescit
694 1611 703 1637 ε
731 1597 782 1636 de
807 1594 947 1636 radice
966 1596 1142 1651 pullulat
1164 1609 1248 1635 nou
1271 1596 1407 1636 solum
1430 1594 1566 1636 salicis
1582 1626 1593 1643 ,
1618 1595 1692 1638 sed
1737 1596 1739 1599 ’

332 1667 459 1709 ctiam
498 1666 754 1722 reliquarum
793 1666 846 1706 ad
885 1664 1201 1706 similitudinem
1239 1664 1483 1720 hujusmodi
1527 1665 1690 1721 generis
1733 1659 1737 1683 ¹

284 1753 287 1755 ·
332 1739 531 1780 arborum
553 1737 677 1793 sylva.
700 1735 836 1777 Habet
857 1742 994 1775 autem
1013 1742 1054 1776 et
1077 1734 1226 1775 radicis
1251 1734 1464 1791 generatio
1487 1734 1688 1778 virtutem

331 1808 499 1850 seminis
511 1824 523 1856 ;
544 1808 657 1848 unde
679 1805 867 1863 plerique
890 1819 938 1846 ea
957 1804 1116 1846 satione
1136 1804 1445 1846 incrementum
1463 1804 1526 1846 sui
1547 1819 1688 1847 nemo·

327 1878 386 1919 ris
400 1883 695 1935 propagarunt.
1471 1874 1475 1879 '

384 1946 551 1990 LXVII.
589 1947 734 2003 Magna
758 1945 834 1987 Dei
862 1944 989 1986 virtus
1014 1944 1056 1985 in
1085 1944 1267 2001 singulis.
1298 1944 1383 1987 Nec
1413 1944 1589 1986 miretur
1617 1944 1685 1987 ali·
1727 1968 1738 1999 5.

325 2017 417 2075 quis
455 2017 487 2059 si
521 2017 562 2058 in
585 2015 771 2072 virgultis
799 2029 994 2072 magnam
1022 2015 1098 2056 Dei
1135 2015 1218 2056 dixi
1249 2030 1338 2056 esse
1370 2015 1582 2058 virtutem.
1616 2014 1684 2057 Si-

322 2088 496 2144 quidem
523 2100 717 2143 magnam
742 2099 860 2126 suam
890 2084 1088 2125 virtutem
1114 2084 1155 2125 in
1184 2084 1356 2126 locustis
1383 2099 1474 2126 esse
1503 2084 1605 2126 dixit
1636 2093 1679 2127 et

324 2157 490 2200 brucho
512 2188 522 2204 ,
553 2171 602 2197 eo
624 2156 735 2212 quod
761 2154 908 2196 divinae
932 2153 1160 2211 majestatis
1177 2154 1335 2196 oss‘ensa
1358 2169 1510 2212 magno
1533 2155 1681 2200 mode-2

317 2228 483 2271 tamine
500 2225 724 2268 sterilitatis
740 2224 918 2281 judaicae
938 2232 1062 2280 atque
1086 2224 1235 2281 inopia:
1257 2226 1501 2266 solveretur.
1533 2224 1680 2281 Magna
1720 2224 1723 2262 1

271 2353 276 2357 η
320 2297 433 2340 enim
457 2297 586 2338 virtus
615 2295 838 2352 patientia,
872 2310 1020 2352 magua
1047 2294 1177 2336 virtus
1207 2294 1483 2350 providentia.
1513 2292 1677 2350 Indigni
1717 2312 1721 2345 ς,

320 2368 477 2410 etenim
515 2373 660 2414 erant,
700 2365 771 2421 qui
809 2373 1029 2406 uterentur
1059 2365 1332 2408 foecunditate
1373 2372 1559 2412 terrena,
1605 2362 1676 2419 qui
1717 2370 1719 2376 '

319 2447 528 2481 terrarum
544 2440 735 2479 laeserant
754 2436 1011 2478 Creatorem.
1033 2436 1086 2477 Et
1102 2451 1197 2477 vere
1212 2450 1404 2492 magnus,
1423 2434 1494 2491 qui
1510 2432 1676 2476 misera·
1714 2440 1717 2471 ξ

316 2508 389 2551 bili
436 2507 543 2549 fame
584 2506 698 2548 nefas
738 2513 863 2548 tantae
905 2505 1129 2563 impietatis
1168 2505 1398 2547 ulciscitur.
1446 2505 1594 2560 Itaque
1639 2501 1674 2545 si
1712 2504 1715 2542 i
1744 2525 1747 2527 ·

313 2593 466 2635 magna
497 2576 648 2619 virtute
682 2575 758 2619 Dei
797 2575 981 2617 sterilem
1019 2575 1232 2617 bruchum
1276 2583 1386 2617 terra
1427 2573 1673 2632 generavit,
1710 2579 1713 2626 ξ
