1742 3233
399 275 451 303 m:
484 275 701 304 mmmso.
737 275 857 303 mmm
890 272 1004 301 UNUS.
1302 259 1383 302 311

38 352 182 394 debuit
207 353 257 394 ab
280 367 359 394 usu
381 353 528 395 (livinae
560 353 811 410 operationis
836 351 1012 393 excludi.
1049 349 1249 401 Quamvis
1274 351 1387 391 enim

35 422 169 481 Adam
190 438 274 464 non
295 431 357 464 est
380 425 578 464 seductus
592 456 603 471 ,
627 424 778 464 mulier
801 430 940 464 autem
958 423 1129 463 seducta
1151 429 1193 462 et
1219 420 1261 461 in
1280 436 1387 477 prae-

34 491 287 533 varIcatione
314 492 463 540 fuerit3
490 495 598 534 salva
622 501 786 541 tamen,
813 491 970 548 inquit,
1000 491 1079 532 erit
1104 506 1177 548 per
1203 489 1388 532 filiorum

34 560 344 617 generationem
366 560 398 610 ¹,
419 562 528 603 inter
550 577 653 618 quos
676 562 887 620 generavit
909 568 951 602 et
975 560 1201 602 Christum.

92 628 279 671 XLVIII.
319 630 403 673 Nec
427 630 529 673 illud
551 631 731 673 otiosum
747 664 758 679 ,
784 632 898 687 quod
920 645 1004 671 non
1030 631 1081 671 de
1106 630 1254 670 eadem
1276 636 1388 670 terra

34 699 84 740 tle
105 701 332 756 plasmatus
357 709 419 742 est
441 700 575 743 Adam
591 734 601 750 ,
623 703 695 742 sed
720 703 772 742 de
793 701 920 758 ipsius
943 699 1044 741 Adae
1068 707 1181 740 costa
1205 698 1313 739 facta
1336 697 1389 739 sit

32 769 184 810 mulier
196 786 208 818 3
227 777 273 811 ut
293 769 495 811 sciremus
516 785 641 812 unam
670 771 818 829 inyiro
836 778 877 812 et
893 769 1068 811 muliere
1091 768 1276 825 corporis
1299 782 1390 808 esse

32 847 224 880 naturam
239 872 250 888 ,
274 855 407 881 unum
439 840 598 883 fontem
622 840 783 898 generis
813 840 998 881 humani.
1032 840 1129 881 Ideo
1153 853 1237 879 non
1261 839 1343 879 duo
1366 853 1388 878 a

31 908 237 965 principio
265 909 361 951 facti
389 910 450 951 vir
476 918 517 951 et
538 912 714 960 mulier,
743 926 878 967 neque
903 912 985 951 duo
1010 910 1087 951 viri
1104 941 1114 957 ,
1139 923 1274 964 neque
1296 909 1390 948 duae

31 979 251 1028 mulieres,
289 982 361 1021 sed
386 981 572 1037 primum
601 981 684 1029 vir,
720 981 871 1022 deinde
899 995 949 1021 ex
978 995 1027 1020 eo
1054 978 1216 1020 mulier.
1254 978 1388 1018 [nam

31 1048 142 1089 enim
164 1057 358 1090 naturam
380 1052 524 1091 volens
545 1051 767 1091 hominum
792 1049 1045 1090 constituere
1068 1048 1180 1088 Deus
1195 1078 1206 1095 ,
1227 1046 1278 1087 ab
1302 1060 1387 1086 uno

30 1118 234 1176 principio
253 1127 454 1161 creaturae
477 1120 603 1176 hujus
627 1119 828 1176 incipieus
850 1120 1081 1160 multarum
1097 1125 1139 1158 ct
1161 1114 1388 1172 disparium

31 1196 277 1229 naturarum
298 1189 452 1246 eripuit
466 1191 722 1231 facultatem.
753 1207 767 1227 α
784 1189 1020 1237 Faciamus,
1036 1186 1188 1243 inquit,
1211 1185 1249 1227 ei
1272 1184 1390 1240 adju-

29 1275 45 1296 »
59 1258 213 1299 torium
234 1259 366 1300 simile
389 1260 466 1301 sihi
485 1259 513 1301 ².
532 1278 546 1298 n
571 1259 842 1316 Adjutorium
864 1260 916 1300 ad
939 1257 1251 1315 generationem
1271 1269 1389 1296 cons-

30 1328 232 1370 titutionis
243 1330 435 1371 humanae
452 1330 735 1387 intelligimus.
758 1330 809 1370 Et
823 1345 920 1370 vere
937 1330 1097 1370 bonum
1111 1325 1379 1382 adjutorium.

28 1397 132 1458 Nam
155 1398 188 1439 si
210 1414 285 1455 pro
301 1399 473 1440 meliore
498 1399 652 1456 accipis
669 1399 925 1455 adjutorium
939 1431 949 1447 ,
972 1397 1108 1454 major
1130 1396 1322 1453 quaedam
1345 1394 1386 1434 iu

29 1482 151 1509 causa
173 1468 449 1525 generationis
466 1469 652 1525 operatio
674 1469 859 1510 mulieris
882 1468 1112 1526 reperitur3
1143 1467 1251 1508 sicut
1268 1465 1385 1506 istius

29 1544 147 1578 terrae
166 1553 257 1594 quae
282 1539 438 1584 semina
461 1539 598 1596 primo
622 1547 792 1596 accepta
816 1539 1054 1580 cohibendo
1077 1535 1278 1595 paulatim
1296 1534 1386 1575 fotu

27 1617 102 1648 suo
124 1608 360 1649 adolescere
387 1608 507 1657 facit,
538 1617 578 1649 et
602 1608 797 1665 producit
819 1608 862 1649 in
883 1616 1081 1664 segetem.
1110 1607 1158 1647 In
1181 1620 1230 1646 eo
1258 1604 1386 1661 igitur

28 1676 282 1733 adjutorium
302 1678 461 1719 bonum
485 1678 671 1720 mulieris
687 1711 698 1726 ,
719 1693 960 1734 quanquam
980 1676 1107 1718 etiam
1132 1674 1302 1716 inferior
1323 1673 1387 1715 di-

27 1747 147 1789 catur
168 1747 356 1804 adjutor3
382 1757 429 1789 ut
450 1756 492 1789 et
515 1748 556 1789 in
580 1763 655 1789 usu
678 1747 910 1805 reperimus
937 1747 1124 1807 humano
1141 1778 1152 1794 ,
1177 1744 1272 1801 quia
1295 1743 1387 1801 dig-

27 1818 156 1860 nitate
169 1818 354 1875 potiores
370 1820 619 1875 plerumque
632 1817 868 1875 adjutorem
885 1817 1024 1860 meriti
1039 1815 1244 1859 inferioris
1263 1814 1384 1857 ascis-

30 1897 143 1930 cuna

77 2017 86 2032 ¹
107 2023 117 2044 1
136 2013 222 2046 Tim.
238 2025 273 2053 11,
293 2014 340 2053 14.
360 2015 408 2047 ι5.
428 2033 468 2039 -
487 2025 499 2039 ³
519 2014 600 2047 Gen.
619 2025 657 2055 ιι,
683 2014 733 2047 ι8.
