1742 3233
294 277 383 330 624
803 287 1131 320 Amom‘noms.

295 372 429 414 sactus
456 368 604 413 incerti
636 368 817 411 auctoris
838 384 927 412 esse
949 368 1246 427 pronuntiavit.
1273 364 1379 413 Vide
1405 366 1561 413 librum
1583 384 1639 420 11,

297 456 332 485 c.
363 457 415 484 1v.
447 440 807 485 Retractationum
836 449 879 483 et
906 441 1063 483 librum
1087 455 1139 488 11,
1168 455 1203 482 c.
1237 455 1335 490 vm,
1364 442 1416 483 de
1441 440 1642 483 Doctrina

299 511 522 553 christiana
537 544 547 560 ,
568 511 795 568 Speculum
819 525 866 553 ac
887 518 1005 552 notas
1030 510 1085 552 ibi
1110 510 1151 551 in
1173 511 1319 552 ultima
1341 511 1523 553 editione
1549 511 1642 553 sub-

296 578 440 637 jectas.
477 580 753 623 Communior
780 581 855 622 aevi
893 580 1025 622 nostri
1058 579 1308 636 scriptorum
1348 580 1553 623 sententia
1581 589 1643 622 est

299 665 404 709 opus
416 650 520 694 illud
534 666 556 692 a
569 651 637 708 pio
650 665 697 692 ac
713 650 879 692 erudito
896 650 984 692 viro
1003 650 1219 706 prodiisse,
1235 650 1304 706 qui
1321 648 1499 707 proinde
1516 648 1642 691 divini

297 722 424 778 hujus
445 722 540 764 libri
565 723 790 771 collector,
819 720 1019 763 Salomon
1045 735 1142 763 vero
1165 721 1370 778 genuinus
1394 728 1541 762 auctor
1562 719 1643 762 ‹liei

261 814 273 828 ν
295 792 458 835 debeat.

656 988 901 1018 ANNOTATIO
937 974 1029 1032 (24)
1065 990 1156 1033 pag.
1197 976 1293 1017 281.

360 1171 478 1214 Hane
504 1170 628 1213 fuisse
653 1170 967 1215 catholicorum
997 1174 1280 1230 quorumdam
1313 1172 1574 1230 opinionem,
1608 1181 1655 1214 ut

298 1243 536 1300 paradisum
553 1250 594 1283 et
614 1257 705 1298 quae
729 1244 780 1284 de
804 1245 1005 1301 serpentis
1024 1253 1150 1301 atque
1172 1244 1266 1286 Evae
1285 1244 1492 1299 colloquio
1510 1244 1550 1285 in
1572 1243 1656 1285 Ge—

299 1313 388 1355 nesi
406 1314 618 1370 leguntur,
644 1314 731 1355 solo
754 1329 878 1356 sensu
900 1316 1122 1372 allegorico
1148 1314 1550 1370 interpretarentur,
1575 1312 1657 1354 Au-

303 1384 514 1442 gustinus,
541 1384 612 1427 lib.
635 1399 731 1432 vm,
753 1399 789 1427 c.
808 1401 842 1433 Ι,
866 1393 908 1427 et
935 1401 1018 1442 seq.
1042 1388 1093 1428 de
1111 1386 1219 1429 Gen.
1237 1385 1289 1426 ad
1306 1384 1382 1426 litt.
1411 1391 1558 1425 auctor
1574 1391 1650 1425 est.

301 1456 420 1496 Unde
454 1468 540 1495 non
577 1454 733 1496 mirum
765 1454 797 1496 si
833 1456 1046 1512 optionem
1084 1456 1192 1498 hane
1230 1454 1359 1498 flaciat
1391 1452 1651 1495 Ambrosius.

300 1525 403 1567 Eam
426 1533 568 1566 tamen
593 1524 652 1566 sio
678 1525 861 1582 intellige
880 1534 928 1567 ut
946 1527 1163 1568 veritatem
1191 1523 1549 1584 przevaricationis
1571 1522 1659 1580 pri-

302 1610 470 1637 morum
498 1604 743 1653 parentum,
781 1611 828 1638 ae
858 1598 1022 1654 peccati
1057 1598 1266 1655 originalis
1301 1603 1466 1640 sartum
1498 1602 1658 1636 tectum

302 1666 412 1709 velit.
446 1666 494 1708 Id
514 1666 691 1724 ipsemet
716 1681 814 1709 cum
842 1667 999 1709 ultimis
1020 1669 1146 1725 liujus
1171 1668 1316 1726 capitis
1346 1665 1489 1710 verbis
1517 1674 1659 1722 aperte

303 1737 449 1785 docet,
478 1745 570 1778 tum
600 1737 688 1780 aliis
711 1737 900 1793 ejusdem
925 1738 1021 1780 libri
1039 1738 1162 1787 locis,
1186 1747 1227 1780 et
1250 1739 1297 1780 iis
1318 1739 1527 1783 maxime,
1556 1750 1659 1791 quos

302 1809 353 1849 ad
388 1809 659 1850 astruendum
687 1817 909 1866 peccatum
939 1809 1140 1867 originale
1170 1809 1427 1867 Augustinus
1459 1805 1658 1854 adhibet,

301 1879 569 1922 manifestum
587 1888 660 1922 est.
1047 1881 1055 1885 ’

658 2083 899 2113 ANNOTATIO
937 2069 1026 2128 (25)
1062 2085 1152 2128 pag.
1194 2070 1292 2121 344.

358 2259 420 2302 Ex
443 2258 509 2302 his
533 2243 736 2314 colligere⁴
751 2255 828 2297 sibi
849 2254 1043 2298 videntur
1068 2255 1239 2312 quidam
1269 2255 1522 2299 recentiores
1550 2257 1652 2302 Am-

303 2329 433 2372 brosii
460 2327 586 2370 fuisse
608 2325 849 2383 opinionem
883 2334 1098 2368 mortuum
1126 2325 1312 2382 Moysen]
1333 2341 1418 2367 non
1450 2342 1560 2376 esse3
1589 2337 1655 2370 ta-

303 2415 403 2444 men
432 2398 465 2440 si
486 2396 613 2439 verba
645 2395 757 2452 ejus,
786 2395 885 2437 licet
910 2397 1034 2453 paulo
1067 2396 1310 2438 obscuriora
1341 2398 1673 2454 perpendanturv

306 2468 524 2516 attentius,
549 2466 852 2509 animadvertes
875 2466 993 2508 illum
1015 2466 1072 2508 ibi
1093 2467 1278 2509 Philonis
1307 2468 1557 2511 sententiam
1582 2484 1655 2512 ex-

265 2585 267 2587 *
303 2541 486 2599 primere
515 2535 718 2587 voluisse,
750 2550 876 2593 quem
908 2536 1077 2595 quidem
1105 2538 1157 2579 de
1181 2536 1334 2595 Moysis
1365 2546 1505 2580 morto
1531 2553 1656 2581 sensu

304 2609 482 2671 spiritali
499 2607 742 2671 disseruisse
761 2614 948 2657 constat,
969 2608 1020 2658 dc
1040 2607 1210 2657 litterali
1226 2622 1317 2657 non
1340 2608 1395 2654 ita
1411 2607 1648 2656 sollicitum.
