1742 3233
332 298 417 342 626
837 310 1170 341 ANNOTATIONES.

329 392 464 448 primo
492 404 668 433 numero
684 389 810 432 fuisse
837 391 995 433 dictum
1009 423 1019 439 ‚
1046 406 1128 447 quo
1151 398 1296 448 postea
1317 391 1482 433 sublato
1504 405 1590 434 non
1605 390 1682 434 mi-

325 461 491 505 nimum
517 461 786 505 obscuritatis
802 461 879 504 toti
900 461 998 504 huic
1025 462 1122 504 loco
1144 461 1367 504 subortum
1393 470 1465 504 est.

688 651 928 682 ANNOTATIO
964 635 1057 694 (29)
1093 651 1184 695 pag.
1226 639 1323 688 452.

389 814 438 856 Id
472 821 556 863 est,
591 812 902 855 commentariis
939 812 1202 862 coelestibus,
1241 813 1326 856 sive
1357 821 1405 857 ut
1430 814 1556 872 paulo
1593 823 1685 857 ante
1731 862 1732 867 ¹

335 884 494 927 dixerat
508 917 519 933 ,
541 882 654 925 libro
674 883 794 925 vitoe.

692 1071 934 1100 ΑΝΝοΤΑΤῙο
970 1057 1060 1115 (30)
1097 1072 1190 1115 pag.
1233 1060 1328 1117 479.

391 1232 572 1278 Lacunis
597 1230 951 1288 frequentioribus
977 1239 1020 1272 ot
1038 1230 1393 1272 manifestioribus
1420 1231 1688 1274 interscindi-

336 1315 404 1348 tur
434 1304 503 1347 hic
533 1302 654 1351 liber,
684 1316 811 1358 quam
841 1307 890 1342 ut
919 1301 972 1342 de
1002 1300 1203 1357 temporis
1236 1301 1278 1342 in
1312 1302 1510 1344 eumdem
1537 1302 1689 1360 injuria
1740 1299 1742 1350 J

337 1375 480 1433 queri,
513 1371 897 1429 vel'incredibilem
922 1371 1176 1428 scriptorum
1197 1371 1460 1415 oscitantiam
1494 1388 1690 1416 accusare

337 1462 422 1490 non
438 1445 573 1489 liceat.
596 1443 822 1487 Enimvero
845 1451 892 1485 ut
907 1442 976 1485 hic
1001 1443 1209 1500 ejusmodi
1233 1443 1503 1486 omissionum
1518 1477 1529 1493 ,
1551 1445 1688 1486 omnia

339 1518 530 1575 exempla
561 1530 647 1558 non
680 1514 967 1573 proferamus,
1007 1513 1245 1555 evidentem
1280 1528 1378 1556 sane
1406 1529 1454 1556 ac
1475 1528 1692 1556 enormem

337 1588 578 1630 ἁνακολουθίαν
601 1585 658 1633 ibi
675 1583 993 1641 deprehendere
1016 1592 1091 1626 est.
1115 1584 1218 1636 Quae
1239 1584 1328 1633 hic,
1355 1585 1526 1633 amabo,
1550 1600 1692 1627 sensus

338 1657 591 1700 cohaerentia
607 1663 648 1698 et
665 1653 939 1697 consecutio?
965 1653 1049 1696 Sed
1070 1656 1244 1712 planum
1266 1654 1336 1696 fiet
1358 1664 1486 1713 caput
1504 1656 1554 1697 ab
1575 1655 1693 1697 initio

335 1726 583 1786 perlegenti,
607 1735 693 1769 non
713 1726 840 1767 modo
863 1724 982 1767 illum
1004 1740 1028 1766 e
1049 1724 1201 1768 Genesi
1232 1741 1400 1768 versum
1419 1742 1428 1768 ε
1456 1725 1497 1768 V
1498 1736 1695 1768 erumm-

335 1813 437 1840 men
447 1811 628 1839 carnem
642 1796 691 1836 in
701 1810 839 1853 sanga
846 1796 916 1836 ine
924 1795 1090 1836 anima}
1099 1810 1187 1837 ozon
1198 1796 1444 1846 comedetis,
1460 1796 1564 1838 Gen.
1579 1811 1635 1845 lx,
1653 1799 1692 1843 5,

336 1867 665 1928 praetermissum
689 1881 778 1908 esse
799 1881 807 1907 :
839 1874 881 1907 at
901 1881 949 1907 ea
966 1881 1133 1922 quoque
1156 1866 1385 1924 desiderari
1412 1866 1577 1915 omnia,
1603 1866 1697 1922 qui-

341 1941 419 1982 bus
442 1940 534 1982 haec
550 1939 698 1981 eadem
716 1937 841 1979 verba
863 1945 1031 1979 sanetus
1052 1937 1211 1979 Doetor
1229 1937 1506 1994 explicuerat,
1527 1945 1570 1979 et
1586 1938 1698 1978 undo.

344 2011 569 2067 collegerat
585 2008 627 2050 in
641 2008 755 2050 hunc
766 2008 942 2049 modum
957 2021 966 2048 :
981 2006 1087 2048 Ideo
1102 2007 1152 2048 in
1164 2008 1406 2065 principio,
1421 2016 1501 2050 etc.
1523 2006 1697 2050 Constat
1733 2058 1742 2066 ἱ

349 2082 475 2139 igitur
491 2079 818 2125 Ambrosianum
843 2078 1050 2136 hocopus
1071 2078 1268 2121 mutilum
1289 2093 1404 2126 esse3
1428 2076 1699 2135 necproinde

345 2152 525 2200 mirum,
551 2150 583 2192 si
610 2165 700 2207 quae
725 2149 823 2191 inde
843 2163 928 2192 non
950 2151 1080 2193 semel
1100 2149 1284 2193 laudavit
1304 2149 1584 2208 Augustinus,
1614 2148 1699 2192 illic

342 2221 428 2277 jam
451 2220 628 2280 amplius
647 2235 733 2263 non
758 2220 1032 2278 reperiantur.
1406 2225 1407 2228 ’

703 2414 948 2446 ΛΝΝΟΤΑΤῙΟ
984 2399 1074 2457 (31)
1111 2415 1202 2458 pag.
1238 2400 1338 2457 489.

415 2567 644 2613 Manifesta
666 2576 729 2610 est
749 2566 940 2611 hocloco
956 2567 1129 2616 lacuna,
1153 2568 1226 2610 sed
1247 2566 1314 2609 cui
1335 2578 1412 2610 nec
1432 2561 1703 2622 manuscripti

357 2655 437 2690 nec
464 2641 567 2687 editi
597 2638 756 2690 mederi
782 2647 946 2699 queant.
981 2637 1180 2686 Putamus
1204 2646 1344 2686 tamen
1364 2650 1457 2683 eam
1482 2649 1568 2685 non
1595 2634 1705 2680 male
