1742 3233
279 301 361 352 284
815 318 846 346 s.
886 316 1074 349 AMBnosu

273 405 396 434 »rum
423 399 465 435 et
492 401 711 450 argentum
740 393 769 434 ¹.
802 413 817 434 »
855 394 907 436 Et
938 395 1071 437 David
1103 394 1155 437 de
1181 391 1458 452 prudentibus
1491 391 1622 438 dicit:

285 480 300 500 «
324 462 366 504 Si
390 463 603 505 dormiatis
627 464 737 505 inter
756 465 915 507 medios
939 467 1094 514 cleros,
1112 481 1262 523 pennae
1288 466 1492 509 columbae
1513 467 1629 508 dear-

273 541 499 588 »gentatae,
528 541 569 574 et
589 533 820 590 posteriora
847 535 958 577 dorsi
984 535 1076 592 ejus
1108 535 1150 576 in
1181 535 1318 593 specie
1346 535 1435 577 auri
1457 534 1470 556 ²
1493 550 1503 575 τ
1530 552 1545 574 »
1578 550 1628 577 eo

274 604 386 657 quod
406 602 547 645 Veteri
570 612 611 646 et
634 604 749 646 Novo
774 605 843 660 qui
870 605 1080 647 inhaeserit
1095 605 1380 654 Testamento,
1400 605 1441 646 in
1459 605 1542 662 ipsa
1563 619 1630 646 se-

272 681 384 713 creta
403 673 613 729 sapientise
626 674 702 715 Dei
722 674 1013 730 disputationis
1029 675 1160 732 possit
1176 675 1367 716 ubertate
1381 675 1623 731 procedere.

274 741 364 782 Hoc
395 757 493 799 ergo
515 743 676 784 bonum
708 758 856 785 aurum
881 744 1007 793 dicit,
1033 760 1118 786 non
1145 745 1249 787 illud
1278 746 1486 787 monetale
1517 745 1632 800 quod

273 812 500 867 corruptile
520 827 566 854 ac
578 820 794 854 terrenum
806 821 880 855 est.
896 813 1033 854 Habet
1045 814 1169 854 etiam
1181 815 1462 870 splendidum,
1478 813 1628 869 inquit,

272 882 597 932 carbunculum,
615 883 657 924 in
674 898 757 940 quo
770 883 939 940 quidam
958 884 1105 926 animae
1123 893 1274 926 nostrae
1291 885 1390 926 vivit
1408 884 1626 941 igniculus.

272 951 407 993 Habet
432 961 474 993 et
495 953 711 1009 prasinum
732 953 915 1010 lapidem
931 986 940 1001 ,
963 953 1033 1009 qui
1054 953 1185 995 viride
1208 953 1407 1010 quiddam
1429 961 1554 1009 atque
1571 952 1636 994 vi-

275 1022 354 1062 tale
381 1023 531 1064 coloris
558 1023 620 1064 sui
644 1024 783 1081 specie
809 1031 1020 1065 ostentare
1043 1023 1223 1065 videtur.
1257 1023 1402 1066 Virent
1427 1023 1540 1065 enim
1567 1038 1636 1064 ar-

274 1091 395 1132 busta
415 1107 507 1148 quze
524 1093 686 1142 vivunt,
706 1102 903 1135 arescunt
920 1101 1065 1136 contra
1078 1109 1353 1150 quaecumque
1371 1092 1632 1134 moriuntur:

274 1160 379 1202 viret
396 1169 508 1204 terra
535 1165 637 1205 dum
652 1164 804 1212 floret,
828 1164 964 1206 virent
984 1171 1026 1205 et
1044 1164 1201 1205 semina
1221 1164 1320 1204 dum
1338 1169 1632 1219 prorumpunt.

276 1230 329 1271 Et
349 1230 458 1272 bene
480 1232 617 1289 primo
639 1234 732 1275 loco
750 1234 818 1274 hic
841 1233 992 1275 fluvius
1014 1233 1174 1290 positus
1199 1240 1260 1273 est
1280 1231 1431 1273 Phison
1445 1263 1456 1279 ‚
1481 1230 1551 1287 qui
1574 1245 1640 1271 se-

278 1301 464 1341 cundum
494 1301 692 1344 Hebraeos
716 1302 871 1345 Phison
895 1302 1074 1350 dicitur,
1103 1302 1184 1343 hoc
1213 1309 1302 1350 est,
1329 1301 1412 1342 oris
1433 1300 1638 1348 mutatio3

279 1368 374 1424 quia
397 1384 482 1411 nou
505 1386 631 1414 unam
656 1379 825 1428 gentem
847 1370 1119 1419 circumfluit,
1144 1372 1217 1412 sed
1233 1370 1359 1412 etiam
1374 1385 1448 1427 per
1467 1369 1642 1426 Lydiam

280 1437 388 1480 ssuit.
416 1439 508 1481 Non
525 1441 637 1482 enim
661 1449 833 1498 angusta
851 1442 1059 1497 quaedam,
1084 1442 1158 1482 sed
1175 1441 1287 1482 dives
1307 1440 1533 1482 utilitatum
1549 1454 1645 1496 pru-

285 1508 423 1550 dentia
446 1518 529 1558 est,
559 1525 650 1566 quae
672 1511 862 1567 pluribus
884 1510 1027 1568 prosit.
1056 1511 1155 1551 Ideo
1183 1510 1340 1567 prima,
1359 1517 1406 1551 ut
1430 1508 1463 1550 si
1480 1508 1571 1565 quis
1594 1510 1646 1550 de

284 1578 474 1634 paradiso
504 1579 630 1621 fuerit
660 1596 848 1638 egressus
865 1613 876 1629 ‚
907 1582 1020 1622 velut
1048 1581 1261 1636 quoddam
1290 1594 1388 1621 eum
1414 1578 1647 1636 prudentias

288 1648 447 1690 flumen
469 1650 671 1707 excipiat,
702 1666 756 1693 ne
777 1651 860 1693 cito
882 1650 1013 1708 possit
1036 1664 1225 1691 arescere
1244 1665 1252 1691 :
1280 1651 1352 1691 sed
1377 1665 1453 1707 per
1468 1648 1577 1692 hanc
1596 1648 1650 1690 ad

287 1719 528 1775 paradisum
554 1720 675 1762 facile
702 1728 948 1763 revertatur.
975 1719 1054 1761 Hic
1082 1719 1233 1761 fluvius
1260 1734 1281 1760 a
1301 1719 1444 1761 multis
1471 1717 1650 1760 homini-

290 1787 368 1829 bus
383 1788 673 1845 frequentatur
685 1822 696 1839 ,
711 1790 1161 1847 pulchritudinemque
1181 1797 1222 1830 et
1242 1788 1499 1830 fertilitatem
1516 1787 1645 1830 maxi—

290 1872 402 1900 mam
425 1858 580 1901 habere
595 1860 853 1916 perhibetur.
874 1860 926 1901 Et
949 1860 1041 1901 ideo
1064 1858 1287 1916 prudentia
1308 1858 1351 1899 in
1367 1856 1505 1914 specie
1524 1856 1651 1914 hujus

293 1927 511 1984 accipitur,
537 1945 628 1986 quae
641 1930 844 1986 plurimos
866 1929 1029 1970 fructus
1047 1927 1184 1970 attulit
1206 1927 1248 1969 in
1259 1926 1430 1969 Domini
1453 1927 1646 1969 adventu.

293 1995 430 2053 Atque
448 1997 489 2039 in
507 2007 690 2040 extrema
714 2007 923 2041 terrarum
943 1998 1051 2046 ssuit,
1076 1997 1171 2054 quia
1194 2012 1268 2055 per
1290 1994 1545 2053 Sapientiam
1562 2009 1654 2036 om-

295 2081 369 2108 nes
403 2066 595 2110 homines
632 2076 731 2110 sunt
764 2067 982 2126 redempti.
1027 2068 1147 2109 Unde
1181 2075 1224 2109 et
1256 2067 1417 2109 dictum
1447 2073 1534 2108 est:
1565 2082 1581 2104 «
1606 2066 1654 2107 In

297 2151 496 2180 »omnem
512 2146 668 2180 terram
691 2138 820 2181 exivit
842 2153 968 2181 sonus
984 2152 1131 2179 eorum
1144 2169 1155 2186 ,
1174 2144 1216 2178 et
1237 2136 1279 2178 in
1291 2135 1394 2179 fines
1411 2135 1523 2178 orbis
1535 2142 1656 2177 terra:

295 2224 310 2245 »
324 2207 451 2249 verba
472 2222 621 2250 eorum
638 2207 669 2250 ¹.
691 2226 706 2247 »

354 2275 466 2320 XVI.
504 2276 724 2320 Secundus
750 2286 814 2320 est
841 2277 992 2320 ssuvius
1014 2277 1158 2326 Geon,
1184 2277 1299 2334 juxta
1326 2290 1452 2334 quem
1472 2276 1539 2319 lex
1561 2274 1657 2317 data

297 2355 360 2389 est
389 2348 611 2397 Israelitis,
642 2363 740 2391 cum
778 2356 916 2392 essent
953 2348 994 2391 in
1031 2348 1213 2405 AEgypto
1244 2346 1493 2396 constituti;
1529 2353 1578 2387 ut
1607 2360 1658 2387 ex

299 2417 478 2475 AEgypto
504 2420 777 2469 recederent,
802 2428 844 2462 et
864 2418 1067 2462 succincti
1090 2419 1257 2460 lumbos
1280 2419 1454 2461 ederent
1476 2431 1628 2475 agnum
1643 2448 1654 2464 ,

298 2489 411 2542 quod
433 2488 594 2546 insigne
615 2497 678 2531 est
700 2488 1001 2547 temperantiae.
1026 2487 1171 2530 Castos
1188 2488 1301 2531 enim
1318 2495 1360 2530 et
1376 2485 1657 2530 sanctificatos

299 2565 464 2614 oportet
484 2558 653 2602 Domini
673 2558 837 2604 Pascha
862 2559 1093 2603 celebrare.
1119 2558 1172 2601 Et
1189 2557 1282 2602 ideo
1299 2558 1415 2617 juxta
1432 2556 1558 2601 istum
1572 2554 1652 2600 ssu-

348 2657 357 2673 ¹
376 2649 470 2685 Osee.
486 2662 524 2691 ¹¹,
541 2652 573 2688 8·
589 2671 629 2679 —
647 2663 659 2679 ²
680 2653 764 2690 Psal.
784 2664 886 2696 vau,
908 2653 956 2693 ¹4·
973 2671 1012 2680 --
1029 2653 1044 2677 ³
1062 2651 1114 2686 ld.
1131 2662 1228 2691 xvm,
1245 2652 1278 2684 5.
