1742 3233
333 253 357 296 5
364 254 425 304 54,
874 270 906 297 s.
944 270 1132 300 AMBRosn

335 344 485 386 erroris
510 358 748 386 caveremus
775 346 967 388 semitas:
993 348 1047 389 ita
1070 348 1196 389 etiam
1228 362 1473 404 processum
1500 351 1673 400 mentis,

331 424 373 457 et
389 416 613 471 quemdam
637 415 893 472 superiorem
912 418 1093 459 reditum
1117 417 1394 474 significaret,
1415 428 1462 461 ut
1483 422 1677 475 quemad-

332 485 506 527 modum
524 485 697 527 infracta
715 501 832 527 mens
850 487 1075 543 reformare
1088 502 1131 528 se
1142 488 1271 544 possit
1283 520 1293 536 ,
1313 503 1671 545 cognosceremus.

332 557 585 613 purgaverat
611 556 722 597 enim
748 565 902 598 terram
925 558 1128 599 Dominus
1151 558 1292 599 diluvii
1320 559 1546 608 infusione,
1568 561 1680 601 lave-
1740 560 1742 574 ¹

332 634 396 667 rat
416 626 608 667 humanm
626 627 904 668 colluvionem
919 628 1148 684 fragilitatis
1170 643 1178 669 :
1207 630 1278 669 sed
1295 644 1378 669 non
1403 629 1498 670 satis
1520 638 1608 671 erat
1629 629 1681 670 ad

331 697 492 738 virtutis
510 697 744 753 profectum
758 730 768 745 ,
795 698 871 738 nisi
894 706 940 738 ut
959 698 1237 739 instrueretur
1257 699 1384 739 homo
1407 701 1682 754 quemadmo-

336 767 434 807 dum
460 782 502 808 se
525 774 686 824 regeret
706 775 748 807 et
775 767 1052 822 gubernaret,
1084 768 1296 809 Abraham
1322 768 1472 809 mentis
1500 770 1592 809 loco
1625 768 1684 809 in-

337 837 516 878 ducitur.
544 829 733 893 Denique
756 836 967 878 Abraham
990 838 1186 879 transitus
1205 838 1359 879 dicitur
1380 837 1487 895 (45).
1507 839 1616 895 Ergo
1636 846 1684 881 ut

333 922 451 949 mens
473 922 566 963 quae
590 907 630 948 in
649 906 783 948 Adam
806 915 936 949 totam
954 922 996 949 se
1018 908 1285 949 delectationi
1308 916 1350 949 et
1367 908 1575 949 illecebris
1596 923 1685 950 cor-

335 977 547 1034 poralibus
561 978 746 1025 dederat,
769 977 809 1017 in
828 977 1006 1018 sormam
1020 977 1182 1018 virtutis
1196 977 1460 1034 speciemque
1473 976 1682 1026 transiret,

334 1047 397 1088 vir
421 1047 582 1103 sapiens
614 1046 734 1088 nobis
766 1047 818 1087 ad
849 1047 1097 1098 imitandum
1123 1047 1361 1104 propositus
1387 1054 1460 1088 est.
1495 1046 1686 1102 Denique

336 1118 549 1159 Abraham
583 1119 816 1159 secundum
848 1118 1070 1166 Hebraeos,
1108 1117 1340 1159 secundum
1372 1116 1540 1159 Latinos
1568 1124 1688 1174 pater

339 1187 472 1228 dictus
501 1194 588 1234 est,
621 1202 670 1228 eo
704 1186 817 1242 quod
847 1202 964 1228 mens
997 1196 1168 1244 paterna
1202 1188 1382 1243 quadam
1413 1187 1684 1235 auctoritate,

338 1255 534 1297 censione
557 1255 643 1310 (46)
666 1288 675 1303 ,
699 1264 740 1296 et
764 1256 1043 1297 sollicitudine
1066 1265 1201 1298 totum
1223 1257 1428 1313 gubernet
1456 1256 1680 1297 hominem.

394 1324 444 1364 II.
481 1324 577 1365 Haec
602 1339 700 1381 ergo
721 1340 840 1367 mens
857 1333 945 1366 erat
971 1325 1012 1366 in
1036 1325 1192 1367 Charra
1206 1358 1216 1374 ,
1235 1325 1278 1367 id
1299 1333 1361 1367 est
1376 1357 1386 1373 ,
1412 1325 1453 1366 in
1471 1325 1657 1366 cavernis
1673 1357 1684 1374 ,

339 1393 517 1434 obnoxia
545 1394 667 1435 variis
694 1395 967 1451 passionibus.
1006 1396 1188 1451 Ideoque
1216 1394 1369 1436 dicitur
1395 1394 1461 1435 ei:
1497 1411 1512 1432 ι(
1536 1394 1611 1435 Exi
1637 1395 1689 1436 de

340 1471 479 1504 »terra
500 1471 570 1504 tua
587 1495 597 1511 ,
620 1481 636 1502 »
659 1464 702 1505 id
727 1473 811 1513 est,
839 1464 890 1505 de
918 1479 1093 1521 corpore
1118 1471 1203 1505 tuo.
1232 1463 1367 1505 Exivit
1394 1464 1445 1504 de
1475 1462 1553 1505 hac
1578 1470 1688 1505 terra

339 1533 433 1582 ille,
459 1531 580 1590 cujus
609 1534 868 1576 conversatio
901 1535 942 1575 in
971 1534 1084 1575 coelis
1112 1541 1186 1575 est.
1227 1551 1242 1571 «
1264 1534 1316 1574 Et
1339 1533 1391 1575 de
1416 1533 1686 1590 cognatione,

339 1621 355 1641 »
370 1603 528 1659 inquit3
556 1611 627 1645 tua
643 1603 672 1646 ¹.
701 1622 716 1642 »
741 1604 913 1661 Cognati
934 1610 1030 1645 sunt
1054 1603 1200 1644 animae
1221 1610 1373 1644 nostrae
1391 1601 1577 1659 corporis
1594 1617 1690 1644 sen-

342 1688 422 1715 sus.
450 1674 658 1715 Dividitur
688 1675 801 1716 enim
828 1675 870 1716 in
907 1675 990 1715 duo
1017 1662 1153 1714 anim⁹a
1174 1680 1344 1714 nostra:
1371 1673 1412 1714 in
1432 1673 1475 1714 id
1495 1674 1609 1729 quod.
1629 1681 1691 1715 est

342 1744 613 1792 rationabile,
639 1753 681 1786 et
704 1744 746 1785 in
774 1744 817 1785 id
843 1746 956 1801 quod
983 1749 1045 1785 est
1068 1742 1365 1797 irrationabile.
1398 1743 1446 1784 In
1475 1757 1525 1784 eo
1550 1750 1689 1784 autem

343 1816 457 1870 quod
483 1822 545 1855 est
577 1814 859 1872 irrationabile
879 1846 890 1864 ,
922 1828 1067 1856 sensus
1095 1820 1225 1854 sunt:
1263 1827 1362 1869 ergo
1394 1813 1560 1870 cognati
1596 1821 1693 1855 sunt

344 1884 472 1940 partis
500 1883 781 1933 rationabilis,
813 1884 893 1926 hoc
923 1892 1010 1932 est,
1044 1883 1209 1924 mentis.
1244 1899 1259 1919 «
1283 1882 1334 1923 Et
1363 1882 1413 1923 de
1447 1884 1571 1924 domo
1599 1890 1692 1931 tua,

345 1950 494 2008 inquit,
516 1952 594 1994 exi.
618 1971 633 1991 »
659 1953 818 1994 Domus
845 1953 996 1994 mentis
1019 1952 1269 2009 prolativum
1292 1959 1352 1992 est
1373 1951 1551 1993 verbum
1580 1953 1688 2008 (47).

345 2021 464 2062 Sicnt
487 2021 599 2063 enim
626 2021 920 2079 paterfamilias
945 2022 1106 2064 habitat
1127 2022 1168 2063 in
1198 2023 1323 2063 domo
1356 2036 1453 2070 sua,
1477 2027 1520 2062 et
1548 2021 1591 2062 in
1617 2036 1694 2078 po-

345 2099 493 2134 testate
504 2092 631 2133 habet
653 2094 1010 2148 quemadmodum
1024 2100 1141 2150 regat
1154 2094 1327 2134 domum
1341 2107 1458 2134 suam
1472 2107 1481 2133 ε
1497 2092 1551 2134 ita
1569 2092 1695 2134 etiam

345 2176 464 2203 mens
495 2161 537 2202 in
567 2163 830 2204 sermonibus
865 2163 1016 2215 nostris
1047 2161 1230 2211 habitat,
1256 2169 1298 2203 et
1335 2161 1541 2220 gubernat
1568 2162 1695 2204 verba

345 2240 485 2274 nostra
499 2265 509 2281 ,
535 2240 577 2274 et
593 2233 653 2274 vis
674 2233 765 2290 ejus
792 2248 838 2275 ac
856 2233 1071 2291 disciplina
1093 2232 1135 2274 in
1159 2248 1353 2275 sermone
1376 2234 1526 2276 elucet.
1556 2234 1608 2275 Ut
1623 2233 1696 2275 bo-

346 2317 425 2343 nus
445 2302 748 2359 paterfamilias«
763 2318 784 2344 a
806 2304 943 2361 primo
962 2304 1167 2346 vestibulo
1191 2305 1340 2345 domus
1363 2303 1593 2345 aestimatur
1611 2318 1620 2344 :
1640 2302 1696 2345 ita

350 2370 476 2413 etiam
514 2371 566 2413 de
597 2373 859 2415 sermonibus
890 2374 1042 2416 nostris
1075 2389 1193 2415 mens
1227 2381 1369 2415 nostra
1404 2372 1688 2431 perpenditur.

346 2441 536 2498 Denique
558 2442 683 2485 etiam
705 2444 886 2486 modulis
904 2444 1017 2486 vocis
1039 2445 1177 2501 pulsat
1198 2451 1237 2486 et
1261 2451 1441 2486 revocat.

406 2512 476 2558 ΙΙΙ.
514 2513 624 2573 Ergo
657 2514 728 2574 qui
763 2516 852 2560 vult
884 2515 1113 2578 perfectam
1149 2514 1442 2575 purgationem
1467 2513 1665 2575 consequi
1681 2547 1692 2572 ,

425 2601 509 2647 Gen·
525 2612 585 2646 ιιι,
605 2615 630 2640 ι.
1594 2619 1597 2621 ·
