1742 3233
6 694 14 771 vx——2
7 599 15 703 —c-mun

32 637 41 644 ι

0 1286 2 1304 -—
0 1187 6 1279 ὰ
0 1014 8 1180 κνῆ-,Ἣ
4 897 10 1006 Ἣ-φψ
5 782 11 886 ’,ἐμῆ

444 291 498 317 DE
532 289 628 317 mm·
661 288 713 315 ET
749 288 865 314 ABEL.
905 287 983 314 Lm.
1025 287 1069 315 11.
1351 274 1435 333 397

80 369 206 428 igitur
223 368 326 410 fides
341 374 636 408 renovatorum
651 396 661 412 ,
679 363 829 413 valida,
850 364 1107 421 pubescens,
1126 365 1438 410 incrementum

79 439 246 482 virtutis
265 437 484 493 acquirens
501 469 511 484 ,
530 450 614 476 non
632 434 801 476 remissa
815 466 826 483 ‚
848 449 933 475 non
948 434 1053 475 sessa
1066 467 1078 484 ‚
1100 450 1184 476 non
1202 435 1317 477 senio
1335 452 1439 492 quo-

80 511 177 555 dam
209 506 394 549 marcida
411 537 421 554 ‚
451 513 493 546 et
514 504 655 561 vigore
681 504 849 561 ignava,
885 511 979 561 apta
1002 503 1207 547 sacrificio
1238 513 1320 554 est,
1345 521 1437 562 qua:

79 580 256 637 pullulet
274 577 457 633 quodam
474 575 623 628 virenti
645 574 831 632 germine
855 574 1066 631 sapientise
1081 607 1091 623 ,
1115 584 1170 617 et·
1178 575 1349 632 juvenili
1372 577 1437 618 di-

78 649 184 690 vinae
209 645 458 702 cognitionis
480 645 642 686 fervore
663 645 893 702 pubescat3
919 645 1072 687 habeat
1099 654 1237 687 tamen
1260 662 1437 689 succum

79 716 453 761 doctrinaevcteris.
472 715 589 757 Sicut
607 715 719 756 enim
737 714 859 763 Novi,
881 714 935 755 ita
949 722 991 756 et
1006 714 1165 757 Veteris
1179 716 1439 760 Testamenti

47 803 50 806 ’
81 787 208 829 debet
230 786 421 828 doctrina
443 799 722 833 concurrere,
750 784 845 840 quia
868 784 1071 841 scriptum
1095 793 1158 826 est
1182 800 1191 826 ε
1229 804 1244 823 «
1266 787 1438 829 Mandu-

39 907 41 909 ι
80 866 202 899 »cate
219 864 358 898 vetera
372 864 559 898 veterum
574 887 585 903 ‚
605 862 647 896 et
664 862 801 896 vetera
814 870 834 896 a
851 854 956 896 facie
971 869 1176 896 novorum
1194 855 1352 898 auferte
1362 856 1426 898 ’.ω

82 927 212 969 Cibus
234 926 355 968 nobis
384 926 435 968 sit
457 925 639 983 cogniti0
666 924 1027 973 Patriarcharum,
1057 926 1249 982 epuletur
1271 926 1434 968 animus

80 996 123 1038 in
149 996 455 1054 Prophetarum
479 996 658 1036 oraculis
683 1010 692 1037 ε
721 995 791 1037 tali
807 995 946 1052 sagina
970 1010 1089 1037 mens
1108 1003 1305 1052 pascatur
1332 997 1436 1038 inte-

80 1066 220 1110 terior.
254 1066 337 1108 Sed
360 1065 444 1121 jam
470 1079 552 1106 non
579 1064 737 1121 species
769 1064 862 1121 agni
885 1064 964 1112 sit,
996 1072 1037 1105 at
1065 1063 1216 1105 veritas
1248 1065 1436 1122 corporis

82 1135 250 1178 Christi.
285 1136 377 1178 Non
402 1135 549 1176 umbra
582 1134 682 1191 legis
714 1134 965 1191 perstringat
986 1135 1130 1176 oculos
1155 1149 1164 1175 z
1193 1136 1267 1176 sed
1293 1144 1437 1192 aperte

81 1205 301 1247 dominicae
346 1205 475 1262 gratia
520 1204 722 1261 passionis
740 1236 750 1252 ,
795 1212 837 1245 et
875 1205 1076 1262 splendor
1117 1205 1438 1248 resurrectionis

76 1276 215 1317 'aciem
236 1275 388 1317 mentis
412 1274 631 1316 illuminet.

138 1345 237 1388 XX.
274 1345 316 1387 Si
340 1354 481 1387 autem
503 1344 654 1386 offeres
682 1343 937 1386 sacrificium
961 1345 1011 1386 de
1028 1344 1246 1402 primitivis
1262 1347 1437 1395 ovibus,

80 1415 287 1457 srixumiu
299 1415 408 1472 igne,
433 1415 586 1456 frixum
599 1415 768 1472 pingue,
785 1414 933 1456 offeres
946 1414 1196 1458 sacrificium
1209 1417 1440 1473 primitivo-

80 1485 220 1534 rum²‚
239 1486 347 1528 sicut
365 1486 567 1542 scriptum
591 1493 651 1526 est
664 1500 673 1526 z
686 1486 800 1540 quod
818 1484 1023 1541 significat
1040 1484 1167 1527 fidem
1185 1494 1300 1527 tuam
1321 1488 1434 1529 velut

81 1554 165 1612 igni
176 1555 394 1612 probatam
403 1570 490 1595 esse
502 1554 671 1602 debere,
681 1561 721 1594 et
735 1561 877 1595 sancto
888 1553 1046 1596 fervere
1059 1555 1230 1612 Spiritu.
1247 1556 1440 1613 Denique

81 1624 193 1665 coxit
222 1626 379 1670 lentem
405 1623 537 1666 Jacob
554 1656 564 1672 ,
596 1631 638 1665 et
659 1623 775 1665 fratri
799 1624 1003 1681 primatus
1025 1624 1333 1667 benedictionis
1356 1627 1442 1668 eri-

79 1695 172 1752 puit
187 1728 198 1744 ,
223 1709 325 1751 quos
346 1694 492 1751 utique
514 1694 645 1735 solida
661 1702 991 1750 consequeretur
1006 1693 1122 1736 fides.
1150 1695 1228 1736 Hic
1247 1710 1345 1752 ergo
1369 1711 1442 1737 ro-

79 1765 227 1807 bustus
251 1774 292 1807 et
314 1766 474 1808 vividus
497 1765 727 1822 augebatur
749 1780 757 1805 :
780 1765 847 1806 ille
876 1773 1032 1812 autem,
1058 1765 1128 1821 qui
1149 1766 1292 1807 cibum
1316 1783 1442 1809 suum

82 1850 264 1892 coquere
294 1836 533 1883 nesciebat,
573 1834 767 1891 fatigatus
808 1842 932 1891 atque
966 1832 1165 1876 deficiens
1207 1835 1437 1878 defluebat.

85 1904 237 1946 [ratur
261 1905 386 1962 igitur
417 1905 545 1965 verbo
568 1903 736 1945 Domini
759 1903 866 1945 sicut
886 1903 980 1960 igne
1011 1903 1141 1944 virtus
1168 1905 1315 1946 animae
1339 1913 1436 1948 tuae.

82 1973 189 2017 Vide
226 1983 367 2017 ustum
405 1974 562 2032 Joseph
584 2007 594 2023 ,
639 1974 748 2015 sicut
791 1973 995 2030 scriptum
1047 1981 1142 2014 cst:
1175 1974 1443 2031 «Eloquium

83 2045 281 2087 »Domini
313 2045 416 2086 ussit
455 2043 595 2086 eum³.
619 2062 633 2083 »
661 2044 887 2086 Torreatur
923 2042 1027 2085 fides
1063 2051 1135 2086 tua
1171 2043 1278 2086 sicut
1318 2046 1443 2102 spicae

80 2114 293 2157 messium.
325 2114 445 2156 Tunc
481 2114 595 2155 enim
625 2113 911 2155 maturitatem
944 2113 1162 2155 fructuum
1186 2113 1439 2171 praeserunt‚

84 2199 182 2229 cum
207 2200 277 2226 eas
301 2184 438 2241 prilno
471 2183 567 2225 solis
591 2199 790 2240 processu
815 2191 1004 2240 tempora
1032 2184 1171 2225 aestiva
1193 2185 1435 2239 torruerint.

82 2254 231 2298 Sermo
262 2255 388 2311 igitur
411 2254 618 2311 plurimus
641 2252 956 2310 Scripturarum
979 2252 1161 2294 animam
1184 2253 1405 2297 confirmat
1424 2288 1439 2305 ,

82 2331 125 2366 et
158 2325 339 2380 quodam
367 2322 560 2380 spiritalis
592 2323 733 2380 gratia:
768 2325 928 2364 colorat
957 2337 1137 2379 vapore3
1173 2322 1438 2367 rationabilia

83 2409 251 2450 quoque
294 2394 461 2435 inventa
503 2393 778 2441 corroborat,
829 2392 1098 2448 dissolvitque
1148 2407 1315 2435 omnem
1354 2395 1440 2438 vim

82 2464 432 2506 irrationabilium
458 2463 712 2521 passionum.
746 2465 929 2520 Ideoque
956 2463 1065 2505 Esaii
1097 2463 1241 2506 laxatis
1274 2464 1439 2509 virtutis

79 2549 167 2577 suae
183 2534 356 2577 nexibus
369 2534 592 2577 dissolutus
607 2542 680 2583 est.
705 2534 774 2576 Illi·
787 2541 943 2582 autem,
963 2533 1034 2590 qui
1051 2533 1256 2578 succincti
1271 2535 1442 2581 lumbos

128 2632 139 2648 ⁸
159 2624 264 2659 Levit.
282 2637 375 2667 xxvi,
396 2637 446 2661 ιο.
460 2645 498 2651 -
517 2635 528 2649 ²
550 2627 598 2660 ld.
618 2637 678 2666 vu,
696 2637 726 2659 2.
741 2645 779 2651 -
800 2628 813 2650 3
832 2627 915 2660 Psal.
930 2636 996 2665 civ,
1018 2637 1067 2670 ¹9.
