1742 3233
334 303 417 352 280
876 298 907 351 s.
948 319 1134 352 ,mimosu

325 397 458 444 sancti
493 398 568 442 viri
601 399 698 443 fecit
733 414 822 443 esse
859 400 1056 444 virtutem
1087 410 1127 443 et
1160 400 1401 459 patientiam
1438 400 1680 449 clariorems

322 470 459 527 Hujus
483 470 639 513 malitia
669 470 873 527 justitiam
896 471 987 528 ejus
1008 472 1214 521 exercuit,
1245 480 1292 514 ut
1320 481 1498 516 certaret
1520 483 1562 516 et
1585 476 1678 517 vin·

325 551 464 590 ceret,
502 550 544 584 et
568 541 785 583 victoriam
815 556 970 583 corona
1007 550 1263 598 sequeretur.
1305 542 1437 584 Nemo
1466 543 1577 586 enim
1602 545 1680 587 nisi

321 610 392 667 qui
422 611 605 669 legitime
628 610 868 659 certaverit,
896 619 1134 653 coronatur.
1167 610 1327 669 Joseph
1354 627 1521 668 quoque
1552 613 1675 655 casti-

322 681 464 722 monia
500 695 717 736 nunquam
754 681 805 721 ad
836 682 966 722 nostri
1003 681 1250 723 memoriam
1282 681 1563 739 pervenisset,
1603 683 1680 725 nisi

321 750 475 792 mulier
511 749 668 791 domini
700 749 792 805 ejus
821 751 1134 793 contubernalis
1165 751 1301 808 ignitis
1331 751 1487 794 diaboli
1511 751 1680 810 spiculis

322 819 491 860 incitata
515 827 716 861 tentasset
737 818 828 874 ejus
851 818 1073 868 affectum,
1100 820 1178 861 nisi
1210 828 1424 877 postremo
1447 820 1684 863 affectasset
1718 853 1742 879 ‚2

320 889 412 946 ejus
433 890 648 932 interitum
663 922 673 938 ,
693 904 775 946 quo
796 889 947 931 clarior
970 898 1080 932 esset
1101 889 1343 931 castimonia
1365 890 1466 938 viri,
1487 891 1558 947 qui
1573 906 1685 933 mor-
1739 880 1742 930 J

323 968 408 1001 tem
430 975 506 1018 pro
529 959 720 1002 castitate
754 959 1065 1016 contempserit.
1097 958 1171 1002 Vis
1194 959 1299 1001 scire
1324 960 1544 1002 consilium
1575 961 1684 1003 Dei?
1738 1006 1740 1011 ,

324 1029 485 1087 Nempe
499 1061 509 1079 ,
544 1029 712 1071 diabolo
727 1037 921 1076 auctore,
942 1043 1066 1070 neces
1083 1028 1279 1070 videntur
1299 1029 1420 1086 justis
1442 1029 1684 1071 hominibus
1738 1077 1739 1085 ἵ

326 1098 576 1157 praeparari,
604 1098 788 1140 exerceri
819 1113 985 1155 quoque
1014 1098 1235 1155 parricidia
1264 1097 1470 1147 filiorum3
1503 1107 1686 1140 attamen

326 1170 532 1211 Dominus
563 1169 688 1210 etiam
720 1168 934 1210 Abraham
956 1168 1035 1210 hac
1060 1177 1147 1210 arte
1179 1167 1378 1216 tentavit,
1404 1176 1450 1209 ut
1476 1168 1684 1210 immolari

327 1239 406 1280 sibi
428 1238 562 1280 filium
591 1239 640 1279 ab
668 1240 816 1280 eodem
832 1240 1080 1296 postularet.
1105 1238 1197 1289 Qua
1222 1238 1452 1280 tentatione
1474 1237 1687 1280 Abraham
1734 1256 1735 1276 2

324 1308 461 1350 fidelis
483 1316 545 1350 est
565 1309 746 1349 Domino
777 1309 1098 1365 comprobatus,
1126 1309 1240 1364 quod
1261 1324 1283 1350 a
1312 1308 1543 1350 devotionis
1571 1308 1688 1349 obse·
1733 1306 1742 1338 ἶ

327 1380 448 1436 quio,
476 1394 553 1420 nec
577 1379 718 1420 dilecti
752 1377 825 1419 filii
856 1378 1123 1420 miseratione
1150 1385 1370 1419 revocatus
1394 1378 1456 1420 sit.
1496 1379 1557 1420 Ita
1587 1393 1687 1435 ergo
1732 1389 1734 1419 ῑ

327 1457 369 1490 et
398 1449 558 1506 lignum
593 1448 775 1490 scientiae
805 1448 906 1490 boni
938 1456 980 1490 et
1010 1447 1110 1489 mali
1142 1447 1184 1489 in
1215 1447 1432 1505 paradiso;
1465 1449 1579 1504 quod
1600 1456 1689 1490 erat
1730 1442 1742 1495 ξ4

327 1519 563 1575 speciosum
583 1519 634 1560 ad
647 1518 780 1559 visum
793 1550 804 1566 ,
829 1525 870 1559 et
890 1517 1050 1559 honum
1069 1518 1120 1559 ad
1138 1532 1278 1559 escam
1291 1518 1431 1575 specie
1449 1518 1684 1561 videbatur.
1730 1504 1742 1539 ‘⁷

331 1589 425 1632 Non
448 1589 560 1630 enim
593 1604 671 1630 usu
693 1589 852 1630 bonum
875 1589 927 1630 ad
952 1603 1091 1630 escam
1119 1596 1233 1636 erat3
1258 1588 1458 1644 quoniam
1480 1603 1574 1630 esca
1599 1588 1690 1645 ejus
1728 1575 1742 1627 ‚s

336 1659 506 1701 videtur
523 1658 771 1700 hominibus
791 1658 988 1700 obfuisse.
1005 1658 1113 1715 Ergo
1131 1666 1192 1699 est
1209 1659 1322 1714 quod
1337 1657 1508 1715 singulis
1523 1666 1688 1706 noceat,

331 1729 372 1771 in
397 1744 623 1771 commune
645 1729 798 1786 prosit,
828 1736 875 1770 ut
893 1727 1014 1770 Judae
1036 1727 1182 1769 nocuit
1205 1727 1396 1769 diabolus
1411 1759 1422 1776 ‚
1448 1729 1520 1769 sed
1540 1735 1692 1785 praeter
1725 1754 1728 1769 .

328 1799 447 1840 illum
468 1814 617 1840 omnes
639 1799 861 1856 Apostolos
885 1797 1127 1846 coronavit,
1154 1797 1225 1854 qui
1246 1797 1415 1840 malitiae
1441 1797 1531 1854 ejus
1554 1805 1693 1840 tenta-

331 1877 473 1910 menta
495 1869 701 1918 vicerunt.

388 1938 442 1982 X.
480 1940 626 1995 Itaque
638 1953 775 1995 neque
787 1937 1083 1986 dubitandum,
1098 1951 1235 1993 neque
1252 1936 1565 1994 reprehendum
1580 1937 1694 1993 quod
1722 1940 1731 1996 ξ1

328 2008 371 2050 in
392 2009 586 2066 paradiso
609 2009 801 2051 diabolus
823 2016 938 2056 erat3
966 2007 1310 2064 quandoquidem
1335 2009 1560 2050 occludere
1577 2023 1695 2049 sanc·
1720 2034 1724 2061 3

331 2078 383 2120 tis
401 2094 485 2120 non
504 2079 643 2136 potuit
668 2079 773 2128 iter,
797 2094 850 2120 ne
867 2078 958 2134 quis
983 2079 1239 2120 ascenderet.
1271 2077 1417 2134 Neque
1441 2077 1552 2120 enim
1575 2077 1694 2134 justis
1719 2101 1722 2119 s

332 2148 638 2191 habitationem
671 2149 880 2191 incolatus
914 2156 1116 2204 tanquam
1149 2162 1360 2205 possessor
1389 2147 1554 2205 eripuit.
1593 2143 1721 2189 Esto?

336 2219 449 2260 enim
472 2226 519 2260 tlt
537 2218 696 2275 aliquos
714 2218 877 2260 desides
901 2226 1026 2274 atque
1042 2217 1212 2259 vitiosos
1229 2218 1280 2258 ab
1298 2217 1482 2259 incolatu
1505 2230 1694 2273 supernae
1717 2232 1721 2266 f

332 2287 601 2345 possessionis
627 2288 839 2336 averterit,
862 2287 966 2330 illud
981 2289 1116 2329 multo
1136 2286 1349 2343 angustius
1370 2287 1588 2343 multoque
1606 2287 1696 2343 pul·
1718 2297 1719 2302 ’

335 2357 476 2398 chrius
496 2358 610 2414 quod
631 2357 887 2399 Sanctorum
909 2356 1169 2398 orationibus
1190 2357 1451 2404 excludetur,
1471 2369 1568 2396 cum
1583 2369 1696 2396 com·
1715 2391 1717 2393 .

334 2428 496 2483 pletum
525 2425 653 2468 fuerit
685 2427 818 2470 illud:
850 2444 866 2465 «
891 2425 1099 2470 Videbam
1121 2426 1320 2468 Satanam
1341 2414 1450 2467 sicut
1479 2424 1618 2482 fulgur
1644 2425 1716 2482 de}

336 2513 352 2533 »
368 2497 474 2536 coelo
491 2497 714 2538 cadentem
727 2495 755 2538 ¹.
781 2497 919 2555 »Ergo
933 2511 1017 2539 non
1034 2503 1270 2538 metuamus
1287 2509 1399 2543 eum,
1413 2494 1485 2551 qui
1500 2509 1549 2536 eo
1565 2508 1696 2550 usque
1712 2486 1715 2497 ³

335 2564 526 2608 infirmus
546 2574 626 2616 est,
651 2575 698 2610 ut
721 2576 763 2611 et
779 2567 867 2626 ipse
889 2581 1063 2611 casurus
1081 2566 1192 2611 sitin
1214 2574 1382 2611 terram.
1410 2563 1586 2624 Accepit
1602 2563 1713 2621 qui-2

380 2663 391 2680 ¹
408 2657 488 2690 Luc.
510 2667 560 2696 ix,
582 2658 630 2691 18.
