1742 3233
337 327 420 379 340
884 340 914 368 s.
952 341 1141 368 Annnosn

334 420 434 475 quid
455 420 741 475 aequiramus,
764 417 1019 459 considersri
1049 418 1151 459 solet
1172 432 1180 457 :
1206 431 1255 457 ex
1280 431 1362 472 quo
1381 449 1390 464 ,
1415 424 1614 472 tanquam
1635 430 1686 456 ex

332 489 530 530 materia:
554 492 575 529 ἒι
599 503 701 543 quo,
727 487 818 543 quis
842 496 987 529 auctor
1012 501 1020 528 τ
1051 502 1126 543 per
1147 486 1272 542 quid,
1299 494 1496 541 tanquam
1516 501 1591 541 per
1619 484 1687 525 ali-

332 560 445 615 quod
481 559 821 600 instrumentum.
860 557 1074 613 Numquid
1105 557 1174 598 hic
1213 557 1270 598 sic
1299 556 1399 598 dicit
1422 554 1688 611 :«Acquisivi

331 629 573 671 »hominem
592 644 665 686 per
682 629 840 675 Deum,
863 645 876 664 n
890 635 937 667 ut
953 628 1088 668 Deum
1107 627 1308 683 intelligas
1331 622 1686 668 instrumentum?

334 697 427 740 Non
451 698 625 753 utique:
666 698 739 738 sed
777 705 823 737 nt
859 696 1064 753 intelligas
1097 704 1313 738 auctorem
1345 705 1388 737 et
1422 703 1687 753 operatorem

328 768 477 810 Deum.
517 768 634 808 [nde
664 765 793 823 magis
827 767 915 807 Deo
950 766 1121 815 detulit,
1157 767 1251 822 qnia
1283 766 1381 807 dixit
1407 762 1682 820 :«Acquisivl

328 856 343 875 >›
357 836 570 879 hominem
585 851 661 894 per
682 837 815 877 Deum
831 853 842 884 ;
860 844 992 878 »utet
1010 852 1085 877 nos
1109 851 1206 877 cum
1225 836 1379 892 aliquid
1397 834 1646 891 acquirimus
1660 863 1673 879 ,

325 907 388 946 vel
423 921 567 946 omnes
602 913 774 946 eventus
804 907 1008 947 secundos
1038 905 1127 947 Deo
1160 905 1288 961 magis
1331 904 1512 951 deferre,
1551 915 1676 958 quam

328 975 447 1015 nobis
472 990 665 1031 arrogare
691 975 904 1016 debemus.

386 1044 455 1085 ΙΙῘ.
485 1045 568 1085 «Et
590 1043 743 1100 adjecit
764 1059 911 1100 parere
934 1043 1080 1085 Abel¹.
1100 1063 1114 1082 n
1141 1043 1247 1085 Cum
1272 1043 1466 1100 adjicitur
1493 1042 1647 1098 aliquid
1662 1072 1674 1089 ,

326 1115 439 1169 quod
462 1114 577 1170 prius
605 1122 718 1161 erat,
743 1113 915 1155 tollitur.
945 1114 1074 1169 quue
1102 1114 1310 1170 colligitur
1331 1130 1379 1154 ex
1406 1112 1677 1154 arithmetica>

325 1183 609 1240 portionibus,
649 1191 720 1224 aut
752 1183 900 1224 animae
928 1183 1271 1240 cogitatio11ibus;
1299 1183 1437 1224 addito
1460 1182 1572 1223 enim
1604 1196 1678 1223 nu-

324 1267 461 1300 mero,
491 1252 537 1293 fit
564 1252 667 1292 alius
703 1268 925 1299 numerus,
955 1253 1146 1294 aboletur
1173 1253 1362 1310 superior
1385 1268 1393 1293 :
1416 1261 1457 1294 et
1483 1252 1678 1308 cogitatio

324 1323 527 1362 accedens
559 1336 667 1362 nova
695 1322 879 1363 excludit
913 1322 1186 1379 superiorem.
1222 1322 1330 1379 Ergo
1364 1336 1462 1364 cum
1485 1321 1680 1378 adjicitur

323 1391 453 1439 Abel,
481 1391 667 1432 aufertur
685 1391 804 1432 Cain.
835 1391 961 1442 Quod
983 1392 1200 1433 nominum
1226 1391 1567 1448 interpretatione
1589 1393 1679 1447 ple—

321 1461 413 1502 nius
450 1461 790 1518 deprehenditur.
830 1460 933 1502 Cain
976 1461 1134 1502 etenim
1174 1461 1309 1502 (lictus
1345 1469 1405 1502 est
1438 1460 1675 1516 acquisitio,

326 1530 439 1587 quod
469 1529 608 1571 onmia
641 1529 718 1570 sibi
746 1529 1010 1585 acquireret:
1033 1529 1139 1571 Abel
1166 1529 1236 1586 qui
1264 1529 1403 1571 omnia
1429 1528 1601 1570 referret
1628 1530 1679 1570 ad

322 1602 459 1643 Deum
485 1600 553 1657 pia
571 1601 747 1641 devotus
779 1599 929 1640 mentis
955 1599 1206 1648 attentione,
1232 1599 1335 1641 nihil
1358 1598 1434 1640 sibi
1458 1613 1676 1654 arrogans,

326 1678 369 1711 ut
389 1669 581 1726 superior
603 1668 748 1716 frater,
773 1669 845 1710 sed
871 1676 1003 1710 totum
1032 1669 1217 1710 tribuens
1237 1668 1453 1710 Conditori
1481 1670 1593 1725 quod
1617 1683 1681 1710 ac-

320 1738 503 1795 cepisset
530 1738 579 1779 ab
606 1753 668 1779 eo.

383 1807 450 1849 IV.
489 1807 590 1848 Duae
617 1807 758 1863 itaque
790 1815 913 1849 seetae
940 1816 1037 1850 sunt
1063 1808 1138 1849 sub
1184 1808 1363 1849 duorum
1382 1808 1573 1861 {fratrum
1600 1823 1680 1849 no-

322 1878 436 1919 mine
463 1886 792 1936 compugnantes
815 1877 1020 1927 inricem,
1046 1886 1088 1919 ot
1110 1878 1329 1919 contrariae
1353 1878 1445 1920 sibi.
1476 1880 1562 1920 [na
1585 1894 1678 1935 quae

324 1956 459 1990 totum
495 1948 626 1989 menti
661 1963 744 1989 suae
781 1948 954 2005 deputat
980 1955 1179 2004 tanquam
1215 1947 1456 2005 principali,
1485 1958 1527 1990 et
1562 1948 1679 2005 quasi

324 2017 491 2058 cuidam
519 2017 806 2075 cogitationis,
836 2025 877 2058 et
904 2032 1070 2065 sensus,
1100 2025 1141 2059 et
1168 2025 1304 2059 motus
1332 2018 1467 2059 omnis
1491 2017 1678 2066 auctori,

323 2087 405 2136 hoc
427 2094 512 2134 est,
533 2102 624 2142 quae
647 2101 792 2127 omnes
820 2086 1078 2127 inventiones
1102 2085 1286 2127 humano
1302 2087 1471 2129 ascribit
1492 2087 1674 2144 iugenio.

323 2157 466 2198 Altera
504 2171 595 2212 quae
626 2164 826 2212 tanquam
852 2155 1060 2213 operatori
1091 2163 1133 2197 et
1164 2156 1342 2198 creatori
1368 2156 1556 2198 omnium
1590 2157 1679 2199 Deo
1732 2159 1736 2173 ‘

324 2226 483 2274 desert,
514 2234 556 2267 et
586 2225 677 2282 ejus
710 2234 908 2282 tanquam
948 2225 1130 2283 parentis
1161 2233 1287 2282 atque
1324 2226 1498 2267 rectoris
1537 2225 1686 2267 subdit
1731 2218 1735 2249 ³

323 2296 461 2337 omnia
495 2296 793 2353 gubernaculo.
830 2295 903 2337 Illa
940 2294 1080 2353 prior,
1121 2294 1225 2337 CaTn
1268 2295 1560 2353 significatur3
1585 2296 1678 2338 haee
1731 2295 1734 2334 ζ

305 2365 543 2425 posterior,
571 2365 679 2406 Abel
705 2364 870 2407 dicitur.
904 2365 985 2407 Has
1009 2365 1110 2407 duas
1137 2355 1270 2406 ‘sectas
1299 2364 1433 2407 anima
1466 2380 1548 2406 una
1577 2380 1678 2422 par—
1728 2353 1734 2415 ,ὗ

320 2434 446 2483 turit3
479 2442 521 2475 et
551 2433 646 2476 ideo
680 2448 888 2491 germanae
923 2433 1148 2482 habentur,
1188 2435 1301 2491 quod
1337 2434 1681 2490 un01sundantur
1727 2447 1730 2451 ’

317 2512 442 2546 utero
463 2519 472 2545 τ
498 2505 570 2546 sed
597 2504 816 2546 contrariae
843 2511 965 2553 sunt3
986 2503 1081 2560 quia
1104 2511 1271 2561 oportet
1289 2518 1357 2546 eas
1378 2519 1475 2546 cum
1495 2505 1679 2560 quodam
1726 2502 1730 2526 ²*

321 2573 467 2618 animae
497 2582 621 2631 partu
649 2573 771 2617 editae
799 2573 978 2624 suerint,
1007 2573 1134 2618 dividi
1161 2589 1211 2618 ac
1234 2573 1429 2633 separari.
1463 2573 1678 2632 Compug-
1725 2567 1730 2607 f*

364 2673 373 2690 ³
395 2664 478 2697 Gen.
496 2675 542 2705 iv,
561 2676 593 2698 2.
