1747 3260
336 255 392 296 80
882 263 913 291 s.
953 263 1143 293 AMBaosu

332 347 503 390 luntatis
522 354 645 402 atque
663 343 917 386 substantiae.
942 343 1133 401 Denique
1151 352 1327 386 testatur
1345 344 1425 386 hoc
1442 345 1484 386 in
1502 346 1694 404 Evange-

332 418 388 461 lio
411 433 484 459 suo
507 416 660 463 Filius,
687 415 830 457 dicens
853 415 905 456 ad
924 413 1092 456 Patrem
1116 430 1125 455 z
1150 432 1165 452 «
1184 414 1379 456 Sciebam
1403 414 1499 470 quia
1523 430 1688 473 semper

336 507 352 527 n
366 504 434 531 me
458 486 614 531 audis¹.
634 486 804 542 »Imago
828 492 890 525 est
912 483 1024 525 enim
1042 483 1256 525 invisibilis
1277 484 1354 525 Dei
1372 483 1514 526 Filius.
1541 484 1693 526 Omnia

330 559 464 601 Patris
488 556 605 614 quasi
640 555 776 612 imago
809 552 1024 611 exprimit,
1060 553 1199 594 onmia
1232 552 1322 609 ejus
1350 553 1466 609 quasi
1499 554 1694 610 splendor

334 628 474 687 gloriae
498 626 728 672 illuminat,
763 633 886 680 atque
915 623 1035 664 nobis
1065 622 1314 664 manifestat.
1356 622 1478 665 Videt
1498 630 1540 664 et
1562 622 1692 665 Filius
1746 626 1747 663 ζ

332 699 464 741 Patris
480 713 583 754 opus
597 729 608 745 ,
630 695 738 737 sicut
754 702 795 736 et
816 694 939 735 Pater
959 693 1078 741 Filii;
1101 693 1209 735 sicut
1231 701 1272 734 et
1293 693 1379 750 ipse
1395 692 1600 734 Dominus
1622 694 1692 735 de·

332 769 504 811 claravit
525 783 533 808 :
553 786 567 804 «
585 767 677 809 Non
710 772 847 821 potest
873 763 1002 805 Filius
1032 762 1170 804 facere
1205 778 1226 805 a
1258 778 1301 804 se
1334 763 1587 819 quidquam,
1612 763 1691 805 nisi
1744 804 1747 809 .

332 839 475 896 »quod
506 836 656 879 fiderit
683 834 906 876 facientem
940 831 1146 874 Patrem2.
1164 832 1316 874 »Videt
1343 847 1441 889 crgo
1466 831 1691 875 facientem
1744 831 1747 871 ἶ.

328 909 494 952 Patrem
511 940 521 956 ,
541 915 582 948 et
603 906 715 948 videt
736 919 811 962 per
832 910 1040 945 secretum
1062 901 1276 943 invisibilis
1299 909 1457 943 naturae
1472 933 1483 950 ‚
1507 909 1549 943 et
1571 901 1688 944 audit
1742 955 1745 961 .

330 978 533 1021 similiter.
560 975 751 1031 Denique
779 973 834 1015 ait
856 989 897 1014 z«
911 971 1027 1014 Sicut
1051 971 1174 1014 audio
1191 1004 1202 1020 ,
1225 970 1391 1027 judico,
1417 979 1459 1013 et
1477 970 1687 1028 judicium
1742 1029 1743 1032 Ἴ

329 1063 502 1090 »meum
532 1060 678 1088 verum
701 1052 783 1093 est3
810 1042 906 1100 quia
937 1057 1020 1084 non
1056 1057 1149 1083 sum
1176 1042 1309 1090 solus,
1333 1042 1407 1083 sed
1428 1055 1530 1098 ego,
1554 1049 1595 1083 et
1617 1040 1690 1098 qui

327 1118 469 1159 »misit
491 1132 559 1158 me
583 1113 747 1157 Pater³.
769 1132 783 1153 n

382 1187 480 1229 XX.
520 1186 609 1227 Hoc
637 1183 863 1240 mysticum
883 1190 967 1233 est,
987 1182 1090 1224 illud
1102 1183 1274 1224 morale.
1301 1182 1417 1224 Vidit
1441 1181 1565 1231 mihi,
1592 1196 1689 1239 pro-
1739 1187 1747 1225 2³

322 1257 435 1299 bavit
468 1255 583 1297 mihi.
627 1254 754 1305 Quod
791 1253 903 1295 Deus
934 1252 1145 1309 probavit,
1181 1260 1226 1293 tu
1262 1252 1596 1310 reprehensibile
1634 1267 1688 1295 ne

323 1326 495 1374 dixeris3
521 1324 721 1381 quoniam
736 1323 886 1374 «Quod
909 1323 1022 1364 Deus
1045 1322 1286 1371 mundavit,
1311 1330 1357 1364 tu
1378 1338 1606 1365 commune
1627 1338 1681 1366 ne

319 1416 335 1436 »
351 1396 521 1444 dixeris,
549 1413 564 1433 »
601 1394 806 1451 scriptum
850 1392 925 1434 tibi
959 1407 1049 1434 esse
1082 1392 1338 1442 meministi;
1376 1407 1476 1449 ergo
1517 1392 1682 1434 bonum

322 1466 400 1510 Dei
433 1480 557 1507 nemo
585 1463 861 1520 blasphemet.
902 1461 945 1504 Si
974 1461 1288 1504 firmamentum
1315 1463 1497 1511 bonum,
1522 1470 1680 1519 quanto

327 1537 459 1595 magis
480 1537 619 1578 bonus
648 1534 738 1591 ejus
773 1533 972 1582 Creator3
1007 1533 1168 1575 etiamsi
1189 1533 1331 1576 Ariani
1354 1535 1513 1582 nolint,
1540 1534 1681 1575 Euno-

322 1608 452 1652 miani
475 1608 730 1653 reclament,
758 1604 909 1646 radicis
936 1604 1152 1661 degeneris
1179 1604 1338 1647 fruetus
1363 1604 1557 1646 deterior.

377 1678 496 1722 XXI.
538 1676 698 1724 «Vidit,
724 1674 882 1730 inquit,
905 1674 1017 1716 Deus
1041 1675 1136 1730 quia
1158 1675 1332 1717 boumn.
1353 1694 1368 1714 »
1383 1674 1529 1716 Solent
1552 1670 1682 1714 artifi-
1732 1694 1747 1717 ⁴

320 1765 388 1793 ces
406 1749 565 1805 singula
583 1746 698 1804 prius
713 1745 867 1792 facere,
887 1752 928 1785 et
945 1752 1089 1801 postea
1109 1744 1239 1787 habili
1260 1745 1553 1786 commissione
1572 1758 1680 1784 con-

319 1827 490 1863 nectere
510 1832 518 1858 :
545 1825 592 1858 ut
615 1815 685 1872 qui
709 1815 847 1856 vultus
868 1813 1087 1855 hominum
1107 1816 1174 1856 vel
1194 1829 1371 1872 corpora
1393 1816 1607 1856 excudunt
1625 1814 1677 1855 de
1730 1814 1732 1830 ²

315 1903 525 1932 marmore
542 1919 552 1935 ,
576 1887 641 1927 vel
663 1900 743 1926 aere
769 1883 957 1941 fingunt,
982 1885 1048 1926 vel
1070 1885 1176 1926 ceris
1201 1885 1462 1943 exprimunt,
1488 1901 1573 1927 non
1609 1893 1674 1927 ta·
1730 1926 1731 1935 ,

316 1975 415 2002 men
439 1959 602 2005 sciunt,
626 1956 984 2013 quemadmodum
1007 1955 1084 1996 sibi
1108 1956 1267 2013 possint
1295 1958 1485 1998 membra
1509 1957 1670 2013 singula
1728 1985 1730 2010 3

317 2029 563 2076 convenire,
586 2035 628 2068 et
648 2025 748 2083 quid
768 2025 908 2082 gratiae
930 2024 1074 2067 afferat
1092 2025 1231 2068 futura
1257 2027 1488 2074 connexio3
1513 2035 1554 2068 et
1577 2027 1670 2068 ideo
1727 2022 1730 2063 ἶ

317 2108 387 2143 aut
404 2100 575 2141 laudare
596 2111 680 2138 non
698 2096 875 2143 audent,
896 2103 966 2136 aut
988 2109 1063 2152 pro
1086 2104 1204 2153 parte
1225 2098 1409 2139 laudant.
1436 2097 1547 2139 Deus
1570 2110 1669 2137 vero
1725 2092 1728 2120 Γ

314 2178 514 2226 tanquam
545 2167 771 2209 aestimator
810 2164 1113 2214 universitatis,
1143 2165 1376 2223 praevidens
1404 2181 1495 2222 quae
1527 2166 1667 2208 sutura
1726 2168 1727 2198 ἶ

311 2247 430 2288 sunt,
457 2237 573 2294 quasi
592 2235 774 2294 perfecta
794 2234 881 2291 jam
902 2236 1044 2277 laudat
1060 2269 1071 2285 ,
1091 2251 1182 2292 quae
1204 2236 1342 2279 adhuc
1362 2237 1403 2278 in
1426 2237 1550 2295 primi
1571 2251 1668 2293 ope·
1726 2246 1727 2250 ’

309 2310 365 2352 ris
382 2308 552 2351 exordio
573 2313 694 2354 sunt,
713 2303 840 2346 finem
864 2305 1000 2362 operis
1017 2305 1255 2363 cognitione
1277 2307 1545 2365 praeveniens.
1578 2305 1665 2350 Nec

304 2378 460 2422 mirum
493 2377 524 2418 si
556 2376 666 2434 apud
694 2389 820 2432 quem
844 2389 984 2416 ret-um
1015 2375 1244 2433 perfectio,
1283 2392 1368 2419 non
1391 2377 1434 2419 in
1463 2392 1663 2420 consum·
1721 2375 1723 2422 J

305 2447 492 2492 matione
510 2445 646 2503 operis
661 2477 672 2494 ,
694 2446 768 2487 sed
785 2444 827 2487 in
840 2460 923 2486 suae
938 2446 1304 2503 praedestinatione
1326 2456 1389 2490 est
1408 2447 1633 2491 voluntatis
1646 2480 1658 2496 ,

305 2517 448 2561 laudat
465 2517 645 2574 singula,
665 2516 780 2573 quasi
800 2515 1086 2558 convenientia
1108 2516 1258 2559 futuris
1281 2533 1290 2560 :
1315 2519 1457 2561 laudat
1474 2519 1660 2578 plenitu-
1718 2521 1721 2571 ζ

347 2616 356 2633 ¹
379 2608 596 2647 Joan.11,42.
615 2625 653 2633 —
667 2617 679 2632 ²
696 2607 746 2640 Id.
765 2616 919 2652 v,19.—
935 2609 949 2634 ³
968 2608 1020 2643 ld.
1035 2620 1113 2650 viu,
1135 2610 1185 2645 16.
1200 2628 1240 2637 -
1260 2614 1272 2639 ⁴
1289 2611 1360 2646 Act.
1380 2622 1412 2653 x,
1436 2614 1484 2645 15.
