1742 3233
634 261 770 292 mnssx.
1293 248 1377 292 651

31 341 140 374 Gutu-
155 341 222 374 IX.
246 340 371 375 Pharao
388 347 520 386 propter
533 350 656 374 moram
672 339 705 373 in
720 338 902 372 obediendo
917 337 1073 381 arguitur.
1095 337 1271 370 Commen-

71 395 168 429 datur
179 395 211 427 in
227 395 371 428 oratione
382 395 556 435 humilitas,
570 401 726 428 secretum
734 403 769 425 ac
778 392 930 428 brevitas,
942 402 1013 424 cum
1025 390 1273 434 reprehensione

73 447 286 482 verbositatis.
302 449 471 489 Quomodo
485 449 596 482 orandi
608 448 743 482 sormam
751 445 909 480 Dominus
922 445 1065 478 docuerit
1075 456 1084 482 3
1095 455 1130 478 ac
1144 444 1273 477 tandem

73 510 132 542 pro
152 501 267 544 quibus
283 503 440 549 praecipue
455 503 622 536 orandum.
1318 499 1378 543 367

32 553 142 586 Cum
159 554 201 587 X.
214 556 366 598 Exposito
379 557 482 599 primo
493 556 635 589 sacrificii
651 556 731 590 Cai'n
749 554 887 600 defectu,
905 553 1059 587 transitur
1071 552 1111 585 ad
1123 553 1274 592 alterum,

74 608 160 650 quod
174 608 294 641 scilicet
309 619 374 642 non
395 610 548 643 obtulerit
564 611 606 643 de
627 609 788 653 primitiis.
805 608 966 641 Primitias
981 607 1094 640 animae
1117 607 1277 649 praecipue

75 661 265 702 offerendas,
295 669 327 696 et
352 674 423 707 quae
449 665 511 699 illae
527 665 601 698 sint.
618 664 753 697 Easdem
778 663 912 697 Abelem
934 662 1107 699 obtulisse,
1126 671 1161 693 ac
1175 662 1278 703 legem

76 715 254 747 offerendas
281 718 478 760 praecepisse.
497 718 624 751 Ibidem
653 718 784 761 quinam
811 717 958 750 dicantur
973 715 1145 749 Chananaei
1159 726 1168 751 ;
1199 715 1277 747 item

76 779 132 801 cur
147 769 234 802 Deus
250 770 370 812 jurasse
392 779 588 813 memoretur
615 784 681 805 non
698 783 788 816 posse
803 773 870 806 sine
884 772 970 804 illius
985 782 1046 814 ope
1062 769 1159 803 anim'i
1174 774 1279 802 motus

77 824 194 866 pacari.
212 825 360 869 Denique
373 826 430 871 hos
446 832 556 870 partus
578 828 688 861 offerri
710 827 828 863 debere
850 827 890 860 ad
905 836 984 870 quos
1000 835 1094 860 sexus
1114 825 1279 859 distinctio

76 877 158 910 nihil
172 878 328 913 conserat.
1324 879 1363 921 57
1371 888 1387 909 ²

599 1053 733 1085 LIBER
760 1054 811 1086 11.

37 1229 146 1261 cipur
163 1229 196 1262 1.
213 1229 341 1263 Animae
361 1236 472 1274 partus
491 1236 615 1265 mature
630 1232 872 1275 producendos;
894 1241 1003 1265 eorum
1020 1241 1091 1275 quae
1105 1230 1207 1264 forma
1221 1232 1288 1265 sit?

79 1282 224 1315 Plebeios
244 1294 352 1316 sensus
375 1285 491 1317 mentis
507 1284 642 1328 imperio
664 1285 813 1317 domitari
837 1296 951 1328 posse3
976 1284 1093 1328 duplex
1111 1286 1198 1318 enim
1220 1295 1287 1318 esse

81 1345 227 1368 sensuum
241 1343 427 1370 nostrorum
441 1349 563 1381 genus:
578 1344 610 1372 et
623 1339 656 1371 in
669 1345 741 1372 utro
753 1339 925 1372 consistant
942 1339 1103 1382 primitiva
1119 1339 1191 1371 Deo
1204 1339 1287 1371 offe-

81 1389 204 1421 renda?
220 1390 385 1423 Postremo
399 1391 439 1424 de
455 1392 682 1425 commixtione
698 1403 759 1436 qua
775 1399 954 1426 constamus
965 1417 973 1429 .
989 1392 1120 1435 ejusque
1136 1392 1286 1435 primitiis

84 1442 275 1484 disputatur.
1333 1445 1396 1488 578

41 1495 149 1527 Cum
175 1496 223 1528 11.
256 1497 418 1530 Primitias
442 1510 506 1531 non
520 1505 676 1542 tempore,
691 1501 746 1534 sed
763 1500 931 1533 sanctitate
946 1499 1094 1532 aestimari
1111 1510 1119 1535 ;
1137 1508 1209 1531 cum
1225 1498 1288 1530 fide

85 1560 156 1592 quae
166 1549 323 1593 imprimis
332 1553 506 1585 necessaria
521 1559 582 1594 est,
596 1554 818 1598 conjungenda
830 1554 870 1586 ad
880 1564 990 1586 verum
1005 1552 1192 1586 sacrificium
1205 1552 1290 1583 bona

86 1613 182 1645 opera
196 1615 204 1641 ;
223 1603 328 1637 fructu
344 1606 532 1639 mutandum
547 1607 703 1649 laborem,
720 1614 817 1652 atque
832 1608 969 1640 animam
984 1606 1024 1639 ab
1055 1605 1221 1638 inutilibus
1249 1605 1288 1637 li-

85 1655 257 1688 berandam
273 1667 350 1690 effie.
1336 1658 1400 1690 383

43 1708 154 1740 Cum-
175 1710 245 1742 111.
269 1710 365 1750 Quod
389 1711 510 1745 dixerat
532 1713 677 1746 laborem
698 1714 807 1747 fructu
828 1713 1017 1746 mutandum
1031 1734 1041 1751 ‚
1069 1712 1215 1755 exemplo
1230 1711 1290 1744 Ju-

86 1763 228 1796 daeorum
242 1765 273 1796 in
289 1766 431 1809 AEgypto
445 1767 667 1804 servientium,
681 1774 712 1801 et
731 1762 895 1810 Evangelii
911 1767 1094 1800 testimonio
1109 1765 1294 1804 confirmat;

87 1828 226 1860 quonam
245 1829 283 1851 ex
306 1820 391 1859 loco,
421 1826 453 1853 et
483 1832 549 1864 quo
569 1828 667 1864 pacto
693 1822 858 1855 liberanda
882 1822 922 1854 sit
945 1821 1070 1859 anima,
1089 1821 1242 1859 declarat,
1266 1826 1299 1853 et

89 1872 257 1905 Christum
287 1884 400 1906 verum
428 1875 599 1916 Levitem‚
620 1876 659 1908 id
686 1881 734 1909 est
751 1899 761 1915 ,
793 1875 1013 1909 Liberatorem
1044 1880 1191 1907 nostrum
1221 1884 1297 1906 esse.

89 1927 238 1970 Denique
261 1928 392 1970 pulchra
420 1929 462 1962 de
492 1930 648 1967 utilitate,
673 1941 769 1974 quam
792 1931 885 1963 affert
899 1930 1057 1972 justorum
1074 1928 1272 1961 familiaritas
1287 1950 1297 1967 ,

90 1983 258 2024 proponit.
1343 1983 1405 2025 587

47 2036 156 2068 Cum
172 2036 233 2068 IV.
250 2036 359 2082 Quare
376 2037 504 2081 Moyses
520 2039 647 2072 Levitas
663 2039 832 2083 appellarit
857 2037 1089 2083 primogenitos
1107 2042 1141 2069 et
1154 2036 1303 2082 redemp-

91 2095 188 2130 tores,
205 2100 379 2134 eorumque
398 2091 494 2124 urbes
512 2092 741 2136 redemptrices
755 2091 957 2135 designavit?
972 2091 1038 2123 Cur
1052 2100 1116 2122 non
1132 2089 1174 2122 sit
1189 2089 1301 2124 absur-

91 2144 167 2176 dum
193 2145 253 2186 piis
273 2145 459 2178 cohabitare
478 2146 700 2180 facinorosos?
726 2147 777 2180 De
802 2146 923 2178 duabus
948 2146 981 2178 in
1008 2146 1079 2178 Deo
1107 2143 1304 2183 virtutibus,

93 2197 309 2230 misericordia
332 2203 363 2231 et
387 2198 534 2240 justitia,
563 2206 659 2243 atque
689 2211 799 2234 earum
824 2199 996 2235 ministris;
1022 2199 1126 2242 deque
1151 2209 1190 2230 eo
1216 2198 1304 2241 quod

93 2251 223 2284 malitiae
238 2263 381 2297 egressus
397 2264 522 2297 semper
537 2255 665 2298 virtutis
680 2260 833 2299 operetur
855 2254 1045 2297 ingressum,
1069 2258 1102 2286 et
1117 2257 1229 2285 contra
1239 2273 1252 2291 ‚
1270 2258 1305 2286 ut

96 2306 282 2348 evangelicis
298 2308 453 2351 exemplis
470 2309 704 2352 comprobatur.
1348 2307 1409 2349 39²

54 2359 162 2390 Cnut
178 2359 221 2392 V.
240 2360 358 2404 Adipes
374 2371 410 2394 ac
427 2362 589 2407 pinguedo
606 2362 838 2395 sacrificiorum
864 2366 895 2394 et
910 2360 1087 2394 hostiarum
1103 2357 1180 2402 quid
1194 2358 1314 2403 signifi-

97 2419 182 2446 cent.
1347 2415 1410 2459 595

55 2467 162 2500 Cim
177 2468 240 2513 vt.
273 2469 361 2513 Quid
380 2470 443 2504 sibi
463 2470 541 2503 velit
564 2471 650 2514 quod
674 2470 834 2505 Dominus
849 2469 914 2503 ait:
930 2468 970 2501 Si
993 2473 1077 2501 recte
1098 2466 1224 2509 offeras,
1245 2477 1309 2510 non

100 2527 183 2554 recte
197 2526 306 2555 autem
323 2524 447 2557 dlvt'das
462 2548 472 2565 ,
501 2525 640 2568 peccasti.
653 2549 661 2562 ,
681 2524 823 2571 quiesces·
848 2529 884 2558 et
906 2523 947 2556 de
963 2527 1100 2564 quatuor
1122 2520 1311 2565 generibus.

101 2576 215 2619 quibus
242 2577 394 2612 sacrificia
415 2574 734 2624 commendabantur,
761 2588 899 2622 quorum
926 2577 951 2614 si
966 2575 1044 2621 quid
1060 2574 1165 2621 desit,
1185 2573 1308 2621 ⁴sacrifi-
