1742 3233
322 256 409 308 540
875 270 904 297 s.
946 271 1136 298 AMBROSH

326 365 406 407 qna
430 349 556 390 alium
581 362 746 406 sperare
767 347 912 404 possis.
952 366 966 385 «
984 348 1145 390 Offeres
1169 347 1272 389 mihi
1300 347 1597 390 holocaustum
1614 362 1632 391 -:
1651 364 1672 390 n

329 421 402 460 sed
423 419 538 475 prius
554 419 659 459 vade
683 417 726 458 in
746 425 899 459 terram
922 420 1143 459 excelsam.
1170 418 1454 474 Interponitur
1479 419 1687 476 spatium,

332 504 385 530 ne
397 488 648 545 praecipitari
666 488 804 529 subito
818 489 1008 530 videatur
1031 488 1227 537 affectus;
1253 498 1300 531 ut
1318 489 1384 530 illa
1398 490 1595 531 dilatione
1616 490 1689 531 oh-

332 565 452 614 repat
476 557 641 614 pietatis
661 557 807 615 gratia,
835 558 1086 599 desidorium
1108 557 1248 614 patris.
1277 558 1446 613 Adjocit
1467 573 1476 599 :
1506 559 1588 599 ‹i‘In
1600 572 1689 599 uno

327 645 343 666 »
358 627 565 667 montium
581 642 705 682 quem
724 627 798 667 tihi
811 627 965 669 dixero.
985 647 1000 666 »
1014 628 1065 668 Et
1077 627 1145 668 hic
1156 627 1358 676 similiter,
1372 636 1416 669 ut
1433 628 1532 670 dum
1543 643 1692 670 ascen-

332 698 449 738 deret
462 696 1123 754 senex,infringereturimpetus,
1143 699 1313 738 lassaret
1327 698 1514 746 dextera,
1536 696 1682 739 defice·
1738 705 1742 748 l

328 773 393 806 ret
418 766 592 807 intentio
619 781 628 806 :
656 765 757 807 dum
789 775 997 821 quaereret
1020 774 1210 808 montem
1235 766 1397 807 discere
1414 798 1425 814 ‚
1459 766 1695 808 dedisceret
1720 776 1742 818 κζ

331 843 591 892 apparatum.
756 891 761 896 μ

388 903 577 947 LXVIII.
615 905 831 962 Exurgens
864 913 1003 947 autem
1022 920 1105 946 non
1123 906 1258 947 solum
1282 901 1470 961 sequenti
1502 904 1587 951 die,
1622 904 1697 946 sed

337 975 464 1016 etiam
493 975 693 1024 diluculo,
727 983 772 1017 ut
807 976 992 1017 attulisse
1021 991 1103 1017 nox
1131 991 1267 1017 moras
1301 975 1438 1017 studio
1461 974 1697 1016 festinantis

330 1045 462 1102 patris
483 1045 694 1086 videretur
714 1061 722 1087 :
741 1063 756 1084 «
775 1045 929 1087 Stravit
947 1046 1104 1087 asinam
1128 1061 1262 1093 suam,
1282 1053 1325 1086 ct
1347 1044 1525 1101 sumpsit
1548 1058 1698 1086 secum

330 1116 465 1156 »duos
496 1130 664 1172 pueros,
698 1123 740 1156 et
772 1116 887 1157 Isaac
911 1113 1044 1157 filium
1068 1131 1208 1162 suum,
1233 1122 1274 1156 et
1298 1114 1483 1156 concidit
1507 1114 1619 1171 ligna
1644 1114 1698 1156 ad
1726 1153 1727 1156 ,

330 1183 694 1226 »holocaustun1¹.
727 1184 969 1225 »Doccmur
1001 1193 1143 1242 parata
1174 1184 1313 1225 omnia
1349 1185 1400 1225 ad
1435 1182 1700 1226 sacrificium

329 1254 514 1296 deferre:
541 1255 740 1296 discimus
762 1255 887 1295 etiam
906 1264 1152 1312 apparatum
1176 1253 1392 1303 sacrificii,
1413 1263 1455 1296 et
1475 1252 1701 1296 ministerii

329 1338 485 1365 munus
518 1324 595 1381 ipsi
632 1323 752 1365 nobis
782 1324 1018 1373 vindicare,
1067 1339 1152 1365 non
1189 1325 1380 1381 delegare
1413 1323 1518 1365 aliis.
1558 1321 1699 1364 Senex

330 1392 560 1441 Abraham,
579 1401 618 1435 et
635 1393 746 1435 dives
765 1394 1004 1451 pecoribus,
1027 1401 1151 1450 atque
1171 1394 1388 1435 abundans
1407 1392 1697 1442 servitiorum,

331 1479 417 1506 non
451 1465 637 1521 quaesivit
669 1464 892 1506 comitatus
930 1464 992 1506 sui
1025 1463 1223 1521 agmina:
1264 1464 1350 1521 ipse
1385 1479 1554 1520 quoque
1586 1463 1700 1520 ligna

333 1535 534 1584 concidit,
553 1535 809 1592 etobsequia
826 1535 987 1592 majora
1003 1534 1160 1576 viribus
1178 1533 1260 1574 suis
1284 1549 1369 1575 non
1387 1533 1633 1576 intermisit.

391 1602 545 1645 LXIX.
594 1603 743 1647 «Venit
765 1612 905 1645 autem
920 1606 971 1645 ad
982 1606 1123 1645 locum
1135 1619 1261 1660 quem
1274 1603 1376 1644 dixit
1396 1603 1456 1644 illi
1471 1603 1600 1651 Deus,
1620 1602 1691 1644 die

335 1692 350 1712 n
365 1672 528 1714 tertio².
548 1673 629 1714 »Et
661 1688 759 1715 cum
794 1675 958 1715 duobus
991 1674 1077 1731 ipse
1099 1674 1245 1715 tertius
1267 1672 1567 1730 proficiscitur,
1594 1672 1699 1714 hos-

333 1742 433 1784 tiam
462 1757 578 1784 suam
603 1758 747 1784 secum
772 1744 945 1792 ducens,
974 1752 1015 1785 ct
1033 1743 1098 1784 die
1122 1743 1245 1784 tertio
1264 1743 1317 1783 ad
1335 1744 1477 1783 locum
1499 1739 1701 1782 sacrificii

334 1811 461 1852 venit.
488 1811 689 1853 Salutaris
712 1812 780 1854 hic
804 1828 1021 1861 numerus,
1041 1821 1082 1854 ct
1104 1811 1357 1853 conveniens
1380 1809 1697 1852 sacrificaturis.

334 1879 526 1937 Denique
557 1890 599 1923 et
629 1882 670 1922 in
701 1882 1002 1939 posterioribus
1035 1882 1197 1939 Moyses
1229 1881 1330 1923 dicit
1360 1882 1414 1922 ad
1434 1880 1704 1922 Pharaonem

335 1964 478 2007 regem
499 1952 667 2009 AEgypti
688 1967 696 1993 :
715 1952 867 1994 «Viam
894 1952 1020 1994 trium
1043 1953 1206 1993 dicrum
1230 1951 1382 1992 ibimus
1398 1983 1408 1999 ‚
1433 1958 1477 1992 et
1500 1950 1675 1991 immola
1738 1958 1742 2024 ἰ

337 2037 353 2058 1>
368 2020 507 2061 bimus
528 2021 710 2062 Domino
736 2022 824 2063 Deo
846 2031 1004 2070 nostro,
1030 2022 1138 2062 sicut
1161 2021 1262 2062 dix'it
1280 2019 1446 2062 nobis³.
1469 2038 1484 2058 »
1499 2020 1550 2061 Et
1580 2026 1707 2062 reete
1739 2026 1742 2092 1

1740 2093 1742 2130 Ι

1740 2134 1742 2156 i

315 2139 318 2143 .
340 2089 462 2131 tertio
480 2090 546 2131 die
565 2092 802 2133 celebratur
817 2091 1033 2133 Trinitatis
1052 2090 1319 2133 sacrificium.

403 2157 538 2202 LXX.
587 2177 601 2197 α
620 2160 671 2201 Et
698 2160 928 2217 respiciens
966 2160 1176 2202 Abraham
1212 2161 1344 2202 oculis
1376 2160 1480 2202 vidit
1510 2161 1652 2202 locum
1679 2174 1703 2201 a

338 2229 531 2286 »longe⁴.
554 2229 770 2279 »Sollicite
796 2232 984 2288 explorat
1004 2231 1076 2287 qui
1102 2239 1300 2287 properat
1322 2231 1514 2288 implere.
1537 2231 1706 2282 Quam-
1741 2222 1742 2229 ἵ

338 2297 399 2339 vis
436 2298 609 2339 senilem
640 2299 778 2340 studio
813 2302 1016 2342 celeraret
1051 2302 1244 2357 gradum,
1279 2309 1419 2342 tamen
1449 2300 1532 2342 hoc
1561 2314 1705 2341 serum

338 2374 490 2423 putans
530 2368 796 2424 praecedebat
839 2370 1000 2411 oculis:
1033 2369 1231 2426 vigebant
1265 2369 1526 2427 singulorum
1564 2367 1709 2411 officia

340 2437 649 2486 membrorum,
688 2438 787 2480 licet
825 2439 968 2481 senilia
1003 2440 1193 2481 membra
1226 2455 1310 2481 non
1343 2446 1513 2496 possent
1545 2438 1706 2495 vigere„

341 2505 457 2549 Solet
478 2507 666 2549 hebetari
684 2507 794 2550 visus
812 2524 977 2558 senum,
1002 2517 1046 2551 ut
1068 2509 1194 2551 etiarn
1217 2509 1453 2567 propinqua
1474 2522 1560 2549 non
1581 2507 1711 2552 facile!

390 2605 400 2620 ¹
420 2597 502 2631 Gen.
523 2607 592 2628 ΜΗ
605 2618 615 2636 ,
641 2597 672 2630 3.
696 2615 737 2622 --
753 2607 766 2622 ²
783 2597 867 2631 Ibid.
884 2599 918 2638 4.
935 2617 977 2624 -—
992 2600 1006 2624 ³
1021 2598 1114 2633 Exod
1140 2609 1214 2638 vm,
1233 2609 1285 2643 27.
1300 2616 1340 2622 —
1361 2601 1373 2626 ⁴
1391 2599 1475 2630 Gen.
1492 2607 1579 2635 xxu,
1592 2595 1629 2635 4.
