1742 3233
322 330 406 372 326
867 343 899 370 s.
940 342 1129 370 AMBROSH

377 420 507 464 LXII.
558 438 572 458 «
596 421 649 463 Et
660 420 763 462 vidit
776 421 929 463 mulier
947 422 1042 477 quia
1059 421 1219 462 honum
1236 427 1298 461 est
1310 420 1469 476 lignum
1487 422 1538 462 ad
1556 436 1669 463 man-

320 492 515 533 »ducanJ
583 507 617 538 ι,
645 500 686 532 et
712 491 806 547 quia
829 500 994 548 gratum
1018 491 1148 536 oculis
1173 491 1223 531 ad
1238 490 1488 537 videndum,
1514 499 1555 532 ct
1577 505 1671 547 spe-

318 562 510 603 »ciosum
528 578 541 602 02
557 572 588 602 τι
611 563 663 602 ad
684 553 934 611 intuendum
956 561 986 602 ¹.
1015 579 1029 599 »
1044 560 1215 601 Infirma
1234 568 1379 601 auctor
1399 559 1561 616 judicii,
1582 574 1671 614 quae

322 633 375 674 de
396 647 462 679 eo,
481 633 594 687 qu‘2d
609 646 693 672 non
714 638 963 687 gustaverat,
977 629 1204 686 judicabat.
1233 630 1285 671 Et
1306 630 1399 671 ideo
1419 644 1503 670 non
1526 628 1645 670 sacile
1659 661 1670 677 ,

319 700 399 742 nisi
428 701 471 742 id
493 702 605 756 quod
628 700 866 755 diligentius
887 700 1306 756 pertractaverimus,
1340 698 1453 755 quod
1478 698 1675 740 interiore

322 770 557 827 probaverss.
577 784 640 809 ius
658 768 827 816 affectu,
848 769 1013 811 videtur
1031 771 1081 810 ad
1099 785 1203 826 opus
1221 770 1388 825 aliquod
1404 784 1493 810 esse
1506 783 1676 811 sumen-

313 840 440 881 dum.
480 856 495 876 «
513 838 734 895 Accipiens
751 872 761 887 ‚
787 838 945 894 inquit,
970 840 1020 880 de
1047 839 1188 880 fructu
1212 839 1302 894 ejus
1322 839 1613 888 manducavit,
1636 848 1678 880 et

325 926 342 948 2>
356 908 470 950 dedit
490 908 578 950 viro
604 923 678 949 suo
702 907 848 956 simul,
874 915 916 949 et
936 909 1296 949 manducaverunt
1318 908 1440 949 ambo
1461 907 1493 950 ².
1516 926 1532 947 »
1564 909 1678 951 Bene

324 977 651 1036 praetermissum
664 985 726 1018 est
740 977 814 1018 ubi
829 977 1036 1035 decipitur
1048 977 1206 1026 Adam3
1226 977 1323 1033 quia
1339 992 1424 1018 non
1441 993 1514 1019 sua
1532 979 1651 1034 culpa
1666 1011 1677 1026 ,

326 1050 401 1090 sed
421 1047 520 1089 vitio
546 1049 685 1104 lapsus
708 1047 848 1089 uxoris
872 1055 953 1091 est..

385 1117 534 1160 LXIII.
586 1136 600 1155 α
618 1118 670 1158 Et
693 1117 824 1174 aperti
840 1126 952 1166 sunt,
973 1117 1124 1173 inquit,
1148 1117 1257 1158 oculi
1276 1131 1439 1164 eorum,
1462 1124 1504 1158 et
1525 1131 1682 1172 eogno—

329 1196 509 1229 »verunt
530 1188 644 1244 quod
665 1187 766 1229 nudi
787 1194 925 1229 essent
945 1186 974 1229 ³.
1001 1205 1017 1226 »
1044 1187 1096 1229 Et
1119 1195 1214 1229 ante
1236 1187 1406 1243 quidem
1424 1187 1525 1228 nudi
1547 1194 1680 1235 erant,

331 1258 404 1298 sed
431 1272 516 1298 non
546 1257 634 1315 sine
666 1256 869 1298 virtutum
896 1257 1203 1314 integumentis.
1236 1257 1345 1299 Nudi
1369 1265 1488 1298 erant
1514 1264 1684 1314 propter

331 1340 501 1368 morum
531 1325 866 1383 simplicitatem,
904 1335 946 1368 et
978 1329 1089 1383 quod
1120 1327 1319 1368 amictum
1350 1326 1504 1368 fraudis
1536 1334 1686 1368 natura
1740 1341 1742 1346 ¹

332 1395 526 1438 nesciret.
550 1397 670 1439 Nunc
690 1405 828 1438 autem
846 1397 986 1438 multis
1000 1396 1311 1438 simulationum
1331 1397 1555 1438 involucris
1568 1411 1687 1438 mens

331 1466 516 1508 humana
545 1469 717 1508 velatur.
748 1467 855 1523 Ergo
878 1474 1148 1524 posteaquam
1169 1468 1365 1525 spoliatos
1391 1483 1433 1508 sc
1455 1458 1524 1508 illa
1550 1466 1690 1514 since-

331 1535 453 1578 ritate
482 1544 524 1578 et
549 1535 814 1594 simplicitate
840 1537 1035 1578 viderunt
1061 1537 1230 1594 integra:
1254 1537 1590 1594 incorruptaeque
1613 1551 1690 1577 na—

333 1614 438 1648 turae
453 1639 463 1654 ,
490 1621 677 1663 quaerere
699 1607 911 1648 mundana
933 1615 975 1648 ct
1006 1607 1242 1648 manufacta
1265 1611 1508 1664 coeperunt,
1538 1605 1689 1662 quibus

331 1678 443 1718 nuda
467 1692 550 1718 suae
571 1677 722 1718 mentis
736 1677 972 1734 operirent:
995 1677 1292 1718 delectationes
1310 1675 1660 1718 delectationibus
1677 1707 1687 1722 ‚

335 1755 379 1788 et
398 1747 546 1789 mundi
567 1747 693 1804 hujus
716 1747 961 1789 umbratiles
982 1750 1212 1805 voluptates
1234 1747 1349 1788 velut
1372 1745 1467 1787 solia
1497 1744 1603 1786 soliis
1627 1760 1691 1785 as-

336 1824 501 1858 suentes
523 1849 534 1865 ,
573 1817 723 1873 quibus
760 1817 1063 1859 obumbrarent
1098 1817 1278 1874 genitale
1315 1823 1538 1857 secretum.
1586 1814 1691 1856 Nam

337 1886 548 1943 quomodo
567 1888 730 1928 clausos
752 1888 896 1928 oeulos
915 1886 1103 1944 corporis
1125 1886 1272 1928 habuit
1292 1885 1445 1934 Adam,
1466 1882 1534 1941 q'ui
1553 1883 1690 1925 omnia

338 1955 562 1998 animantia
585 1956 641 1997 ita
663 1956 780 2006 vidit,
801 1963 847 1998 ut
863 1957 927 1998 his
949 1965 990 1998 et
1003 1971 1156 1998 nomen
1181 1955 1452 2013 imponeret?
1470 1955 1692 2006 Quomodo

339 2034 649 2083 cognoverunt,
670 2025 711 2068 id
729 2026 1034 2074 cst,1nte11ore
1054 2034 1095 2068 ct
1119 2026 1263 2067 altiore
1281 2025 1453 2068 scientia
1475 2039 1559 2066 non
1580 2022 1696 2065 tu'ni-
1717 2043 1724 2046 <

339 2109 433 2137 cam
454 2096 554 2144 sibi,
575 2095 645 2137 sed
669 2096 871 2138 virtutum
896 2098 1039 2137 deesse
1061 2096 1289 2138 zelamina.
1280 2096 1298 2125 ἶ)

395 2158 545 2207 LXIV.
593 2183 608 2202 α
631 2165 683 2206 Et
705 2174 944 2214 assuerunt,
973 2165 1131 2222 inquit,
1159 2165 1255 2207 solia
1285 2165 1416 2213 sicus,
1439 2170 1480 2206 et
1502 2163 1696 2206 fecerunt

338 2252 355 2271 n
370 2233 448 2275 sibi
472 2234 787 2276 succinctoria‘*
795 2268 803 2277 .
832 2253 846 2273 »
875 2235 1025 2277 Ficum
1051 2235 1132 2277 hoc
1154 2237 1248 2277 loco
1273 2250 1348 2294 pro
1367 2242 1447 2292 qua
1466 2233 1603 2292 specie
1621 2234 1696 2276 de-
1719 2239 1721 2241 ’

338 2319 512 2346 neamus
544 2305 733 2362 accipere
765 2305 999 2348 divinarum
1029 2321 1104 2347 nos
1134 2307 1257 2347 docet
1289 2305 1414 2347 serIes
1438 2296 1692 2347 lectionum}

340 2374 679 2430 quandoquidem
699 2383 862 2416 sanctos
875 2382 962 2417 esse
977 2375 1045 2432 qui
1067 2375 1144 2416 sub
1165 2374 1243 2416 vite
1262 2383 1301 2416 et
1324 2374 1408 2416 ficu
1425 2373 1697 2430 requiescunt

341 2444 557 2501 Scriptura
580 2445 876 2487 memoraverit
892 2446 925 2494 ⁵,
945 2454 984 2487 et
1009 2445 1206 2486 Salomon
1225 2444 1397 2486 dixerit:
1430 2462 1445 2482 «
1463 2438 1567 2495 Quis
1583 2444 1697 2499 plan-

342 2532 356 2551 »
371 2522 431 2570 tat
450 2513 604 2564 ficum,
630 2524 673 2557 ct
694 2517 745 2558 de
767 2515 908 2557 fructu
929 2516 1019 2572 ejus
1046 2531 1130 2556 non
1153 2517 1381 2557 manducat
1398 2514 1431 2563 ⁶,
1449 2533 1464 2553 »
1489 2522 1531 2555 et
1550 2512 1697 2555 Domi-

389 2631 396 2645 1
420 2623 504 2654 Gen.
528 2635 581 2661 ιιι,
597 2623 630 2656 6.
650 2642 689 2648 -
716 2635 726 2648 ²
761 2624 847 2656 lbid.
864 2643 903 2649 —-
923 2626 934 2647 3
956 2623 1040 2655 lbid.
1060 2635 1091 2666 7.
1112 2642 1149 2648 -—-
1173 2628 1183 2651 ἑ
1213 2623 1296 2655 lbid.
1324 2641 1363 2648 --
1390 2625 1402 2647 ⁵
1424 2621 1522 2654 mich.
1543 2630 1590 2660 tv,
1606 2618 1640 2657 4.
1657 2633 1696 2643 -·-

344 2677 473 2718 {Pi-ov.
490 2688 592 2716 xxvii,
615 2678 680 2711 18.-
