1742 3233
243 259 330 300 268
789 272 819 298 s.
860 272 1046 299 annuosn

239 347 528 394 tiosissimum,
553 348 662 402 quod
686 347 811 388 homo
836 348 982 389 divinae
1006 348 1118 389 vocis
1137 347 1187 388 sit
1205 362 1429 404 organum,
1449 356 1491 389 et
1508 363 1597 390 cor-

238 417 452 474 poralibus
468 417 588 458 labiis
606 416 799 473 exprimit
820 419 986 458 coeleste
1005 418 1239 464 oraculum,
1260 417 1368 458 sicut
1385 408 1490 458 iilud
1506 426 1592 460 est:

250 490 266 523 ἰ
284 485 438 527 Clama.
484 486 597 536 Quid
619 486 840 527 clamabo?
872 487 1019 528 Omnis
1043 502 1139 528 caro
1162 486 1319 527 foenum
1335 486 1363 527 ¹.
1388 505 1406 525 ».
1420 487 1597 544 Accepit

235 557 349 611 quod
369 556 541 604 dleeret‚
566 563 605 596 ct
628 557 834 597 clamavit.
863 556 950 598 Sibi
973 556 1156 597 habeant
1180 556 1450 612 prudentiam
1475 571 1597 598 suam

234 626 309 682 qui
329 626 421 667 eoeli
442 634 729 681 terrarumque
747 626 877 682 spatia
896 627 1011 667 radio
1031 626 1288 667 describunt.
1311 626 1398 667 Sibi
1417 626 1598 666 habeant

242 694 503 735 intcilcctum
526 710 662 739 suum,
691 696 742 735 de
765 710 846 750 quo
872 695 969 736 dicit
989 696 1192 736 Dominus
1213 711 1221 736 :
1240 713 1254 733 «
1273 696 1323 736 Et
1340 695 1598 737 intellectum

237 780 254 799 ³»
269 763 536 818 prudentium
571 763 846 819 reprobab02.
873 764 1045 820 »Neque
1082 780 1278 805 numeros
1310 765 1508 805 orationis
1547 779 1595 806 ac

237 831 400 878 modos,
426 839 465 872 et
489 833 681 872 modulos
705 832 874 873 musicae
897 833 1108 889 sapientiae
1132 834 1384 874 constituam
1409 834 1449 874 in
1467 836 1563 875 loco
1585 849 1593 874 ε

240 901 312 940 scd
333 916 425 941 eam
447 891 690 957 sapientiam
715 901 884 949 definio,
918 903 967 943 de
997 918 1076 958 qua
1111 903 1212 943 dicit
1232 903 1441 959 Propheta
1462 918 1470 944 :
1489 921 1504 941 (ι
1520 904 1596 944 In-

241 986 257 1005 »
274 977 384 1010 certa
403 977 444 1010 et
463 971 627 1010 occulta
647 970 857 1026 sapientiae
876 979 955 1011 tuae
972 970 1242 1012 manifestasti
1256 971 1397 1013 mihi2.
1415 991 1430 1009 »

297 1037 483 1080 LXVIII.
523 1039 948 1096 Quidautemloquar
959 1042 1009 1081 de
1026 1042 1169 1081 osculo
1188 1041 1287 1089 oris,
1303 1042 1415 1096 quod
1433 1040 1600 1097 pietatis

240 1115 282 1147 et
313 1108 524 1149 charitatis
547 1117 608 1149 cst
634 1109 812 1165 pignus?
844 1110 1101 1151 Osculantur
1134 1125 1176 1150 se
1208 1117 1249 1151 et
1277 1110 1502 1157 columbae,
1527 1110 1603 1150 sed

243 1178 343 1233 quid
365 1180 416 1218 ad
438 1179 615 1220 humani
637 1181 769 1220 osculi
786 1188 1062 1227 venustatem,
1099 1195 1180 1235 quo
1213 1180 1408 1221 amicitiae
1443 1179 1603 1235 insigne.

241 1246 597 1304 humanitatisque
619 1249 853 1305 praefulget,
888 1250 929 1290 in
958 1265 1039 1305 quo
1071 1251 1202 1305 plence
1228 1249 1442 1298 charitatis
1471 1247 1603 1289 fidelis

237 1317 492 1373 exprimitur
510 1317 714 1359 affectus?
733 1320 851 1360 Unde
868 1327 909 1360 et
923 1319 1130 1360 Dominus
1148 1320 1259 1360 velut
1276 1318 1456 1375 prodigii
1472 1332 1603 1374 genus

252 1385 291 1425 in
305 1387 518 1442 proditore
533 1389 817 1428 condemnans
828 1387 881 1428 ait
899 1402 907 1428 :
926 1406 940 1424 «
952 1387 1078 1434 Juda,
1093 1389 1237 1428 osculo
1255 1387 1408 1428 Filium
1424 1386 1605 1427 hominis

243 1473 261 1494 t>
276 1455 428 1497 tradis3
444 1456 488 1496 P»
503 1457 582 1497 hoc
596 1465 672 1505 est,
690 1457 938 1498 «Charitatis
954 1457 1111 1513 insigne
1134 1457 1342 1498 convertis
1366 1457 1416 1497 ad
1441 1455 1607 1512 signum

245 1524 497 1580 proditionis
533 1533 574 1566 et
609 1524 866 1566 infidelitatis
902 1525 1137 1566 indicium?
1166 1525 1283 1567 Pacis
1317 1525 1398 1566 boc
1431 1525 1607 1581 pignore

242 1594 372 1634 uteris
385 1596 434 1635 ad
448 1594 632 1636 officium
646 1595 1134 1638 crudelitatisPBestiali»
1165 1596 1290 1652 igitur
1307 1595 1388 1636 oris
1407 1594 1606 1651 obsequio

244 1663 492 1705 inserentem
515 1665 654 1721 potius
675 1680 838 1713 necem,
864 1681 988 1721 quam
1007 1665 1219 1707 charitatis
1237 1665 1392 1706 soedera
1416 1664 1606 1706 deseren-

242 1741 328 1774 tem
346 1734 492 1775 divinae
516 1735 651 1790 arguit
668 1736 781 1776 vocis
804 1737 987 1777 oraculo.
1016 1736 1124 1777 Illud
1141 1751 1307 1791 quoque
1324 1735 1602 1792 praecipuum,

239 1802 357 1858 -quod
386 1794 460 1844 soli
491 1803 680 1845 homines
703 1820 775 1846 ore
797 1805 1085 1862 exprimimus,
1111 1820 1201 1861 quse
1224 1805 1351 1846 eorde
1374 1803 1592 1845 sentimus.

241 1872 387 1928 ltaque
411 1873 681 1929 cogitationes
706 1874 839 1915 tacitae
862 1875 1026 1922 mentis,
1049 1874 1130 1915 oris
1147 1889 1340 1924 sermone
1364 1873 1596 1930 signantur.

240 1941 357 1992 Quid
373 1950 436 1983 est
455 1942 580 1999 igitur
593 1958 638 1983 os
653 1943 854 1990 hominis;
875 1943 950 1983 nisi
968 1943 1177 1999 quoddam
1193 1942 1395 1984 sermonis
1409 1943 1599 1999 adytum,

242 2009 335 2051 sons
365 2011 672 2068 disputationis,
699 2014 791 2054 aula
814 2013 1055 2061 verborum,
1084 2011 1421 2069 promptuarium
1450 2013 1603 2053 volun-

241 2079 367 2121 tatis?
382 2082 649 2123 Absolvimus
667 2083 779 2123 velut
797 2083 1023 2138 qnamdam
1039 2081 1212 2124 humani
1229 2080 1414 2138 corporis
1427 2080 1601 2137 regiam,

240 2149 285 2191 in
309 2166 388 2206 qua
413 2151 464 2192 sit
486 2151 582 2193 licet
605 2154 796 2208 quaedam
818 2152 1026 2208 quantitas
1048 2150 1267 2208 portionis,
1300 2150 1436 2192 forma
1458 2157 1605 2191 tamen

240 2219 523 2261 universitatis
547 2229 623 2262 est.

301 2288 455 2331 LXIX.
494 2289 697 2346 Sequitur
717 2298 862 2348 guttur
883 2306 958 2348 per
985 2291 1097 2347 quod
1122 2289 1250 2331 totius
1273 2289 1460 2346 corporis
1482 2288 1607 2331 vitale

240 2349 567 2408 commercium,
607 2368 649 2401 et
682 2360 851 2418 spiritus
890 2360 1016 2418 hujus
1053 2367 1312 2402 commeatus
1350 2358 1602 2400 infunditur.

240 2426 487 2469 Succedunt
519 2428 710 2478 brachia,
743 2437 785 2471 et
816 2429 939 2471 validi
971 2430 1229 2471 lacertorum
1259 2428 1356 2477 tori,
1387 2427 1533 2469 validae
1556 2427 1610 2469 ad

239 2499 508 2553 operandum
532 2512 700 2548 manus,
726 2506 767 2540 et
791 2497 1103 2556 procerioribus
1125 2497 1262 2555 digitis
1283 2497 1444 2539 habiles
1467 2497 1520 2538 ad
1541 2503 1611 2538 te-

287 2594 300 2610 ’
322 2585 402 2618 lsai.
426 2598 477 2624 xi..
492 2587 526 2620 6.
550 2606 586 2614 —
608 2599 619 2613 ²
643 2600 653 2621 1
677 2589 756 2622 Cor.
774 2601 844 2630 xix,
867 2600 916 2633 ¹9·
934 2607 974 2614 —
992 2591 1005 2614 ³
1024 2590 1104 2622 Psal.
1126 2600 1154 2629 ι,
1166 2588 1198 2621 8.
1220 2607 1258 2613 -
1277 2589 1287 2615 ⁴
1307 2589 1384 2621 Luc.
1403 2586 1557 2627 xx11,48.

1733 2347 1735 2355 «

1734 2419 1737 2452 ἐ

1734 2456 1737 2479 1
