1742 3233
346 300 431 350 450
891 311 922 338 S.
961 310 1149 338 Ammosn

347 389 481 431 fontes
505 402 706 445 aquarum
729 395 769 428 et
790 386 976 429 ssumina.
1003 387 1130 438 Quod
1152 402 1301 444 magna
1322 389 1510 445 emphasi
1531 391 1691 434 dictum

348 466 423 502 cst.
452 457 531 501 Ubi
547 458 661 500 enim
676 457 863 515 eruptio,
891 457 948 499 ibi
971 456 1252 498 irrevocabilis
1273 457 1419 500 effusio
1443 459 1497 501 sit
1523 475 1692 503 necesse

346 537 431 577 est;
470 543 548 570 nec
574 527 744 570 retineri
774 527 904 569 facilis
930 526 1160 583 ingentium
1190 527 1397 584 prolapsio
1419 527 1687 585 fluentorum3

347 597 613 642 Manifestum
637 606 698 639 est
721 597 846 654 igitur
866 597 977 653 quod
1004 596 1206 652 scriptum
1236 605 1309 638 est.
1340 596 1496 638 Verum
1519 597 1552 638 si
1574 598 1694 640 altius

344 669 619 726 spectandum
643 675 786 724 puteS,
822 680 917 707 caro
949 674 1090 707 nostra
1122 665 1292 708 diversis
1323 665 1501 723 agitatur
1529 675 1573 709 et
1601 666 1695 709 freti

345 741 472 780 modo
482 739 660 780 fluctuat
676 735 937 793 passionibus
951 768 960 783 ‚
974 736 1124 792 quibus
1141 736 1223 777 huc
1242 744 1364 792 atque
1382 736 1480 778 illuc
1498 745 1694 793 tanquam

345 824 471 866 super
494 808 625 850 undas
647 805 935 848 molestiarum
957 820 1127 846 suarum
1165 820 1278 846 nunc
1308 806 1437 854 same,
1467 821 1579 848 nunc
1606 806 1693 855 siti,

343 892 457 920 nunc
479 876 732 934 cupiditate,
756 888 871 916 nunc
887 874 1059 931 gaudio,
1084 888 1198 915 nunc
1216 876 1360 916 dolore
1382 874 1578 930 jactatur.

400 947 486 990 LII.
523 947 632 988 Illud
652 959 818 1001 quoque
838 958 924 985 non
942 944 1350 1001 praetermittendum
1380 944 1573 993 arbitror,
1599 944 1691 1001 quia

343 1018 560 1075 Scriptura
576 1030 661 1058 non
672 1014 877 1072 praeterit,
892 1014 1057 1070 quantis
1069 1028 1246 1055 numero
1266 1014 1417 1056 cubitis
1439 1029 1545 1071 aqua
1571 1029 1695 1071 super

342 1098 498 1131 terram
532 1086 658 1128 suerit
670 1102 680 1134 3
720 1083 964 1141 quindecim
1006 1084 1119 1125 enim
1162 1083 1314 1125 cubitis
1350 1097 1472 1141 super
1511 1084 1696 1125 excelsos

343 1165 508 1200 montes
521 1169 671 1212 aquam
688 1154 813 1196 suisse
827 1153 941 1196 dixit.
964 1152 1149 1210 Simplex
1163 1152 1303 1209 itaque
1316 1154 1550 1195 intellectus
1564 1161 1689 1210 patet.

342 1228 551 1286 Allegoria
575 1235 713 1269 autem
731 1226 916 1282 quinque
942 1240 1087 1267 sensus
1110 1225 1420 1282 complectitur,
1445 1225 1516 1281 qui
1542 1225 1696 1267 suntin

343 1312 519 1356 corpore
540 1304 682 1340 nostro
709 1296 824 1337 velut
851 1294 1002 1336 excelsi
1036 1303 1224 1342 montes,
1269 1295 1339 1350 qui
1371 1294 1481 1335 hanc
1524 1309 1697 1337 carnem

341 1369 584 1427 passionum
610 1365 886 1414 obumbrant,
909 1373 953 1406 et
974 1365 1222 1421 plerumque
1239 1364 1507 1406 incursantur
1527 1365 1670 1406 bestiis
1684 1398 1695 1414 ,

342 1448 385 1481 et
413 1437 673 1496 exagitantur
702 1437 914 1478 condensa
935 1443 977 1477 et
999 1450 1130 1492 opaca
1153 1449 1312 1477 eorum.
1351 1435 1469 1476 Unde
1491 1443 1533 1477 et
1553 1435 1699 1477 Domi-

334 1525 423 1554 ,nus
443 1524 519 1566 per
538 1507 758 1550 nationum
781 1505 1046 1547 credentium
1063 1504 1192 1547 fidem
1209 1504 1379 1546 veniens
1401 1506 1454 1546 ad
1468 1504 1697 1546 Ecclesiam

345 1593 462 1620 suam
476 1610 487 1625 ,
505 1576 618 1618 venit
640 1591 662 1618 a
685 1575 844 1618 Libano
868 1574 976 1616 sicut
998 1575 1054 1616 ait
1073 1575 1273 1617 Habacuc
1295 1574 1498 1632 propheta
1520 1574 1664 1616 dicens
1686 1589 1695 1614 :

357 1646 594 1689 «Dominus
613 1660 634 1686 a
650 1644 809 1687 Libano
821 1643 960 1686 veniet
975 1677 986 1693 ‚
1011 1659 1032 1686 a
1053 1652 1197 1686 monte
1217 1644 1415 1686 umbroso
1432 1652 1474 1686 et
1485 1658 1616 1701 opaco
1633 1643 1688 1685 ².»

344 1716 532 1758 Ecclesia
550 1729 718 1772 quoque
739 1713 852 1755 venit
874 1713 1063 1755 aLibano
1078 1745 1090 1762 ,
1103 1713 1211 1757 sicut
1226 1713 1384 1756 habent
1397 1713 1571 1756 Cantica
1590 1713 1701 1756 Can—

347 1787 542 1828 ticorum.
570 1785 632 1827 Ita
653 1783 766 1826 enim
786 1783 989 1840 legimus:
1017 1782 1160 1826 «Ades
1181 1782 1266 1825 huc
1288 1797 1310 1824 a
1326 1782 1508 1832 Libano,
1530 1797 1697 1840 sponsa,

344 1876 361 1896 »
377 1857 474 1899 acles
496 1855 581 1898 huc
608 1869 630 1896 a
651 1854 824 1897 Libano.
851 1853 1063 1896 Transibis
1086 1862 1128 1895 et
1155 1853 1425 1911 pertransibis
1451 1868 1474 1895 a
1495 1853 1700 1911 principio

346 1946 363 1967 »
378 1925 497 1975 fidei,
523 1940 545 1967 a
561 1924 772 1967 cubilibus
793 1924 964 1966 leonum
977 1955 989 1972 ,
1005 1932 1049 1965 et
1067 1924 1283 1966 montibus
1303 1923 1575 1982 pardorum²,
1589 1943 1604 1964 2>
1618 1939 1701 1981 quo
1741 1954 1742 1958 ,

347 1996 522 2054 gentiles
543 1993 711 2052 populi,
731 1993 802 2050 qui
824 1995 937 2036 velut
953 1993 1190 2036 bestialium
1208 1994 1447 2051 passionum
1468 2009 1611 2052 graves
1634 2009 1702 2051 pa—
1740 1993 1742 2039 ἶ

345 2066 563 2109 tiebantur
596 2064 813 2113 incursus,
841 2078 954 2105 nunc
985 2063 1204 2106 altitudine
1233 2063 1356 2113 fidei,
1385 2072 1426 2106 et
1447 2064 1702 2106 sublimitate
1740 2067 1742 2119 3

348 2134 581 2179 devotionis
597 2141 752 2176 meant.
779 2133 859 2176 Per
874 2129 950 2176 hos
972 2134 1096 2191 igitul
1118 2142 1282 2177 montes
1305 2133 1496 2176 Christus
1517 2134 1699 2183 advenit,
1739 2123 1742 2203 3

347 2205 631 2284 comprimens
647 2203 897 2260 evangelicis
914 2203 1262 2260 disputationibus
1284 2203 1445 2247 feroces
1466 2204 1583 2247 istius
1606 2219 1705 2246 cor·
1738 2206 1742 2276 3

344 2276 460 2335 poris
487 2282 653 2323 motus,
682 2282 807 2331 atque
839 2273 953 2316 illam
973 2274 1237 2316 altitudinem
1255 2275 1418 2324 cordis,
1439 2282 1482 2317 et
1503 2290 1548 2317 se
1568 2277 1742 2317 extol—3

345 2348 503 2391 lentem
525 2344 763 2402 superbiam
789 2343 1026 2386 obedientia
1044 2353 1085 2386 et
1107 2345 1342 2387 humilitate
1363 2345 1425 2387 sui
1450 2347 1699 2388 destruens:
1721 2321 1742 2394 3

346 2416 584 2472 meritoque
616 2414 778 2456 fructus
809 2415 1140 2457 mansuetudinis
1175 2415 1285 2458 ferre
1311 2425 1559 2473 coeperunt,
1597 2431 1702 2473 quos

348 2494 444 2529 ante
471 2485 661 2544 gravium
690 2484 844 2527 diluvia
870 2485 1110 2542 passionum
1140 2485 1412 2528 subruebant.
1438 2485 1501 2528 De
1523 2500 1703 2527 nume-ro
1740 2488 1742 2490 ’

348 2564 489 2598 autem
507 2554 750 2598 cubitorum
764 2554 825 2597 sic
844 2555 1014 2613 quidam
1031 2564 1127 2600 ante
1146 2570 1222 2600 nos
1242 2555 1568 2605 aestimaverunt,
1588 2556 1704 2613 quod
1733 2543 1742 2647 3

394 2656 406 2672 ¹
426 2646 618 2688 Babae-¹11,
635 2646 667 2682 5.
681 2665 721 2673 --
739 2657 753 2673 ε
767 2646 862 2693 Cant.
879 2657 927 2686 xv,
944 2647 978 2680 8.
1732 2617 1742 2737 33

1730 2777 1742 2844 {1

1730 2856 1734 2879 ὁ

1728 2932 1733 2983 3
