1742 3233
340 273 424 322 464
884 289 913 315 S·
954 288 1144 316 AMBROSH

337 362 568 404 »Dominus
592 361 776 403 Sabaoth
803 364 1036 420 reliquisset
1058 363 1176 406 nobis
1199 378 1356 411 semen,
1382 364 1490 406 sicut
1507 363 1687 406 Sodoma
1738 387 1742 412 ς

337 450 352 470 »
367 431 465 473 facti
485 446 669 472 essemus
688 464 700 479 ,
730 440 772 473 et
789 432 895 474 sicut
918 433 1150 474 Gomorrha
1170 432 1324 474 similes
1341 448 1525 475 essemus
1540 435 1549 458 ¹
1567 466 1578 483 ,
1604 452 1619 472 »
1646 433 1690 475 in
1740 457 1742 479 ι

337 501 505 547 alterius
528 500 697 542 nomine
721 501 896 543 civitatis
913 503 1151 559 exprimens
1175 502 1373 544 caecitatis
1399 503 1602 545 indicium
1618 536 1629 552 ,
1648 503 1692 545 in
1739 527 1742 532 ·

339 569 505 610 alterius
531 570 804 612 sterilitatem.
840 572 900 612 lta
924 572 1035 612 enim
1058 572 1198 628 lingua
1221 572 1356 628 patrIa
1380 572 1563 614 Chaldaei
1586 588 1693 614 nun-

339 648 545 696 cuparunt
572 639 798 690 Sodomam
819 649 859 681 et
883 641 1187 690 Gomorrham,
1220 641 1453 683 caecitatem
1476 649 1518 683 et
1539 641 1693 683 sterili-

338 716 467 750 tatem
505 707 797 764 significantes.
848 709 1080 766 ltlfflzitoque
1121 711 1325 752 Dominus
1369 711 1411 752 in
1450 711 1693 767 hujusmodi
1718 709 1719 715 ¹

340 778 477 834 specie
509 777 724 828 civitatum
757 779 987 834 amputavit
1021 780 1152 837 magis
1191 781 1373 822 humana
1407 780 1532 829 vitia,
1568 794 1694 837 quam
1721 786 1722 790 ’

339 847 574 904 puniendos
592 846 782 888 homines
804 847 1020 903 judicavit.

398 916 534 959 LXX.
570 916 712 958 Tertio
750 917 974 959 dimittitur
1014 920 1208 961 columba
1251 928 1345 977 post
1382 928 1542 977 septem
1576 919 1692 968 dies,
1724 914 1725 922 ¹

342 995 465 1043 atque
495 988 642 1027 eadem
676 1002 757 1028 non
792 989 1041 1044 regreditur.
1075 991 1192 1031 [nde
1219 989 1552 1038 consideremus,
1582 1004 1634 1030 ne
1655 989 1699 1031 id

343 1057 457 1112 quod
480 1072 605 1113 supra
635 1057 812 1099 diximus
842 1058 1075 1101 inveniatur
1096 1075 1185 1101 esse
1208 1059 1479 1101 contrarium.
1506 1058 1549 1100 Si
1569 1058 1698 1100 verbo

344 1126 515 1181 quidem
549 1127 767 1174 columba,
802 1142 928 1183 opero
959 1137 1099 1170 autem
1129 1129 1259 1170 virtus
1285 1145 1369 1170 non
1392 1128 1616 1171 revertitur
1648 1127 1701 1169 ad

343 1194 531 1241 Justum3
554 1211 652 1251 crgo
677 1196 897 1237 destitutus
914 1206 975 1239 est
992 1198 1159 1247 Justus,
1181 1207 1222 1240 ct
1238 1199 1505 1240 defraudatus
1525 1212 1701 1239 munere

344 1265 446 1306 suo?
474 1265 758 1320 Nequaquam.
796 1267 1017 1322 Nunquam
1052 1269 1163 1309 enin]
1199 1269 1261 1309 vir
1295 1267 1533 1323 hujusmodi
1568 1283 1587 1308 a
1617 1266 1702 1308 vir·-

347 1343 436 1376 tute
455 1334 724 1397 disjungitur,
749 1350 827 1376 nec
850 1351 949 1377 cum
970 1352 1021 1378 ex
1043 1352 1115 1378 ore
1137 1338 1292 1379 emittit
1311 1337 1534 1394 justitiam,
1559 1336 1704 1393 dispu-

346 1403 633 1459 tationemque
659 1405 828 1446 alterius
855 1406 1018 1447 virtutis
1042 1406 1226 1455 inducit,
1256 1407 1411 1448 virtute
1434 1421 1476 1447 se
1498 1405 1637 1454 exuit,
1662 1411 1705 1446 ct

344 1475 544 1517 imitanda
567 1474 654 1515 aliis
675 1476 868 1530 aequitatc
894 1476 1087 1533 dispoliat
1114 1493 1122 1518 :
1155 1479 1228 1519 sed
1244 1478 1335 1519 vice
1360 1477 1456 1518 solis
1479 1477 1578 1518 alios
1608 1476 1705 1517 illu-

346 1544 505 1592 minat,
541 1558 637 1584 cum
664 1545 801 1585 radios
829 1561 913 1587 snae
940 1547 1045 1588 lucis
1077 1548 1243 1590 emittit.
1283 1548 1393 1604 Ignis
1419 1561 1572 1603 nempe
1597 1546 1703 1586 cale-

348 1615 448 1656 facit
486 1613 892 1671 appropinquantes,
929 1616 983 1657 ita
1020 1625 1067 1657 ut
1095 1619 1277 1658 calorem
1310 1625 1467 1658 naturae
1499 1630 1582 1657 suae
1617 1615 1706 1672 ipse

350 1684 568 1742 possideat.
595 1683 809 1739 Numquid
832 1684 973 1726 deficit
994 1687 1065 1727 lux
1082 1687 1161 1726 diei
1180 1719 1190 1734 ‚
1217 1701 1312 1727 cum
1340 1693 1473 1727 totum
1496 1685 1703 1726 mundum

350 1754 557 1796 illuminat
597 1754 811 1795 claritate?
852 1755 988 1796 Habet
1041 1755 1292 1797 inoffensum
1336 1770 1506 1796 cursum
1545 1769 1667 1796 suum
1692 1786 1703 1803 ,

352 1824 638 1879 illibatamque
668 1833 873 1866 naturam.
908 1825 974 1866 Sic
998 1834 1038 1867 et
1063 1826 1138 1867 ista
1166 1826 1207 1867 in
1233 1826 1440 1872 columbae
1463 1825 1602 1882 specie
1623 1825 1709 1866 vir-

355 1901 418 1934 tus
433 1925 443 1941 ,
463 1908 559 1933 cum
579 1893 715 1934 adhuc
735 1893 912 1936 ferveret
929 1895 1132 1936 diluvium
1147 1927 1157 1942 ,
1179 1896 1411 1936 secundum
1433 1909 1550 1936 avem
1567 1901 1709 1935 tamen

353 1962 395 2003 in
427 1962 545 2003 terris
567 1995 576 2009 ‚
617 1964 850 2004 secundum
886 1964 1081 2005 virtutem
1117 1965 1158 2005 in
1192 1964 1411 2005 hominum
1443 1962 1706 2020 passionibus

354 2031 575 2073 revertitur
594 2033 644 2072 ad
664 2032 847 2088 justum;
873 2035 967 2089 quia
993 2034 1033 2074 in
1057 2034 1297 2090 iniquorum
1319 2033 1560 2091 pectoribus
1577 2032 1709 2074 virtus

355 2111 400 2143 ut
427 2110 564 2159 posset
593 2103 753 2144 haerere
771 2136 781 2155 ,
819 2119 901 2144 non
932 2112 1126 2161 potuerat
1152 2104 1350 2146 invenire.
1381 2104 1433 2146 Et
1456 2104 1548 2144 ideo
1575 2102 1617 2143 in
1641 2101 1710 2143 illo

356 2174 540 2214 secundo
565 2173 790 2214 diversorio
813 2174 873 2215 sui
905 2174 1142 2230 regrediens
1164 2175 1294 2215 breret
1317 2182 1440 2230 atque
1467 2171 1705 2228 requiescit.

358 2242 413 2284 At
431 2257 528 2283 vero
546 2242 619 2283 ubi
636 2242 923 2285 deferbuerint
940 2244 1093 2285 diluvia
1110 2244 1350 2300 passionum
1365 2276 1375 2292 ‚
1394 2250 1435 2283 et
1453 2241 1580 2284 auditi
1596 2239 1712 2282 verbi

359 2320 668 2367 coinpertaeque
688 2313 886 2354 doctrina>
910 2313 1077 2370 plurimi
1100 2314 1336 2355 studuerint
1358 2328 1446 2353 esse
1469 2318 1682 2354 consortes
1698 2341 1709 2358 ‚

359 2382 445 2438 jam
466 2397 550 2422 non
571 2383 693 2438 unius
726 2384 1023 2439 patrimonium
1046 2417 1056 2432 ‚
1083 2386 1155 2425 scd
1182 2399 1406 2425 commune
1441 2383 1602 2423 bonum
1623 2395 1713 2421 esse

363 2451 506 2507 incipit
532 2451 747 2508 disciplina
779 2453 964 2502 virtutis,
993 2462 1034 2495 ct
1060 2462 1258 2509 tanquam
1276 2451 1486 2510 sapientiae
1513 2450 1714 2507 poculum

363 2521 554 2563 hauritur
589 2537 610 2562 a
641 2522 830 2579 plurimis
858 2523 927 2579 qui
959 2531 1052 2566 ante
1081 2523 1263 2567 sitientes
1287 2523 1433 2565 bibere
1457 2521 1712 2572 noluerunt,

412 2619 420 2633 ¹
441 2610 516 2642 lsai.
536 2621 558 2649 ι,
573 2622 604 2653 9.
