1742 3233
291 294 296 296 ’
318 286 344 340 6²·
353 315 368 340 1
379 302 402 339 2'
863 307 893 336 s,
934 307 1122 336 Anime-«311

316 405 407 446 quae
438 388 540 430 utile
571 394 632 428 est
654 386 983 434 circumcidere,
1019 393 1061 425 ct
1092 383 1164 441 qui
1193 382 1428 425 doctrinam
1454 381 1669 441 diligentia

314 459 491 502 assecuti
514 466 634 505 sunt,
659 456 797 498 videre
821 456 862 497 in
884 471 926 497 se
954 455 1113 496 dehent
1148 451 1458 510 inscientiam]
1486 452 1670 509 Mysterii

317 539 456 572 autem
478 528 582 569 ratio
605 526 798 569 dilucida.
825 524 862 568 V
866 524 1054 566 ernaculi
1071 523 1183 565 enim
1203 522 1339 564 Judaei
1354 555 1365 570 ‚
1385 521 1521 578 pretio
1539 521 1667 578 empti

314 608 412 641 sunt
433 606 576 655 gentes
598 612 689 653 quae
705 594 973 636 crediderunt
984 610 995 641 ;
1021 592 1117 648 quia
1135 591 1268 649 pretio
1283 591 1495 648 sanguinis
1518 590 1671 632 Christi

313 670 530 725 redempta
549 675 611 708 est
631 664 830 706 Ecclesia.
856 663 966 720 Ergo
985 671 1027 704 et
1049 662 1073 704 J
1078 662 1222 703 udaeus
1239 669 1281 702 et
1303 661 1475 703 Graecus
1489 692 1500 710 ‚
1519 668 1563 702 et
1583 661 1672 717 qui-

315 754 496 795 cumque
515 735 753 783 crediderit,
778 733 902 776 debet
923 733 1030 776 scire
1046 748 1089 775 se
1108 732 1411 775 circumcidere
1430 748 1451 774 a
1469 732 1668 789 peccatis,

311 819 359 853 ut
389 809 519 867 possit
549 808 683 848 salvus
716 803 840 845 fieri':
864 811 906 844 et
938 803 1217 851 domesticus,
1251 811 1294 844 et
1331 802 1592 859 alienigena,
1629 809 1672 843 et

313 882 449 938 justus
461 912 471 927 ,
490 886 532 920 et
546 882 744 934 peccator
757 873 1085 915 circumcidatur
1103 872 1350 915 remissione
1366 879 1641 930 peccatorum
1657 905 1668 921 ,

320 959 368 992 ut·
389 955 610 1007 peccatum
621 959 706 987 non
723 950 917 1000 operetur
937 943 1136 1000 amplius3
1163 943 1261 998 quia
1271 934 1608 984 nemoascendit
1629 941 1671 982 in

319 1033 498 1077 regnum
522 1017 747 1062 coelorum,
762 1013 840 1054 nisi
860 1028 934 1069 per
955 1020 1267 1055 sacramentum
1282 1011 1555 1069 baptismatis.
1585 1011 1670 1054 Nee

314 1088 503 1147 proderit
525 1084 747 1143 superioris
768 1083 924 1139 justitia
947 1083 1168 1140 temporis,
1199 1082 1231 1124 si
1258 1082 1300 1138 in
1323 1080 1408 1124 fine
1427 1082 1523 1124 vitae
1545 1081 1672 1138 justi-

316 1161 414 1201 tiam
442 1155 721 1212 dereliquerit.
755 1154 852 1194 Ideo
884 1153 1035 1195 Paulus
1067 1153 1123 1194 ait
1150 1168 1158 1193 :
1191 1171 1206 1191 «
1229 1152 1369 1194 Pretio
1391 1153 1523 1210 empti
1545 1152 1668 1201 estis,

314 1227 471 1269 »nolite
500 1225 591 1267 fieri
622 1223 727 1266 servi
752 1223 985 1265 hominum.
1001 1242 1016 1262 »
1032 1223 1140 1265 Sunt
1165 1222 1279 1264 enim
1313 1222 1548 1271 contraria3
1574 1223 1669 1279 quia

311 1299 486 1342 servitus
512 1303 688 1354 peccato
712 1294 990 1342 contrahitur,
1017 1302 1059 1336 et
1083 1295 1220 1350 pretio
1245 1302 1469 1350 peccatum
1489 1291 1670 1337 remitti-

309 1379 389 1413 tur.

369 1440 544 1484 LXXX.
580 1439 678 1481 Haec
718 1437 842 1494 igitur
871 1435 1049 1494 simplici
1081 1437 1338 1494 expositione
1367 1438 1580 1479 abundare
1611 1437 1664 1479 ad

310 1513 572 1554 intellectum
594 1508 828 1565 opinamur.
845 1508 1023 1563 ideoque
1039 1522 1117 1549 nec
1136 1508 1266 1549 cubos
1283 1508 1563 1565 geometrICae,
1582 1523 1661 1550 nec

315 1590 579 1637 tetragonum
591 1592 816 1619 numerum
831 1576 1122 1634 philosophiae,
1139 1577 1462 1627 consessionem,
1474 1586 1522 1620 ut
1534 1577 1665 1626 aiunt,

312 1649 905 1709 pythagoricam,necsemper
916 1647 1093 1704 virgines
1111 1656 1172 1694 ‚ut
1187 1649 1415 1705 appellant,
1432 1647 1669 1690 hebdoma-

307 1724 369 1766 dis
396 1735 595 1763 numeros
627 1733 726 1759 cura
764 1717 1008 1758 discutimus
1041 1717 1174 1765 inani,
1205 1732 1282 1758 nec
1316 1719 1524 1760 mundum
1551 1717 1668 1759 radio

317 1793 568 1839 formamus,
588 1804 666 1831 nec
683 1789 837 1830 coelum
861 1788 902 1829 in
923 1790 1097 1845 pulvere
1115 1788 1364 1844 quaerimus,-
1380 1803 1460 1829 nec
1477 1788 1584 1829 intra
1601 1803 1669 1829 an-

317 1872 459 1923 gustos
500 1860 651 1912 abacos
687 1859 832 1900 orbem
868 1859 1160 1901 concludimus
1187 1873 1196 1899 ε
1223 1860 1295 1900 sed
1331 1873 1427 1900 vera
1459 1858 1668 1916 aperimus

310 1933 524 1991 mysteria,
543 1945 669 1972 unam
682 1931 858 1972 salutem
874 1945 963 1971 esse
985 1929 1140 1972 Christi
1158 1929 1526 1971 resurrectionem.
1545 1928 1666 1971 Com-

310 2007 549 2062 plantemur
567 2016 664 2058 ergo
687 2000 947 2042 similitudini
971 1999 1116 2041 mortis
1140 1999 1246 2056 ejus,
1272 2007 1319 2040 ut
1339 2014 1577 2041 mereamur
1597 2014 1668 2040 re-

310 2073 580 2118 surrectionis
612 2071 881 2113 consortium.
913 2071 964 2112 Et
994 2078 1111 2113 vetus
1139 2070 1266 2112 homo
1290 2077 1433 2112 noster
1465 2070 1592 2112 simul
1615 2069 1666 2111 sit

313 2143 501 2188 confixus
518 2142 649 2189 cruci,
668 2149 715 2182 ut
732 2156 882 2198 corpus
901 2141 1140 2182 destruatur
1156 2139 1334 2198 peccati.

367 2213 564 2259 LXXXI.
608 2211 782 2269 Egregie
812 2219 951 2252 autem
989 2210 1170 2252 infantiae
1203 2211 1245 2252 in
1280 2209 1424 2267 primis
1462 2209 1665 2267 vagitibus

310 2284 559 2330 circumcidi
581 2297 716 2323 mares
740 2283 805 2322 lex
832 2280 972 2337 jubet,
999 2280 1124 2322 ctiam
1146 2281 1416 2328 vernaculos3
1440 2279 1536 2335 quia
1558 2279 1665 2321 sicut

311 2358 360 2400 ab
384 2354 556 2398 infantia
578 2360 800 2409 peccatum
814 2383 823 2399 ,
850 2350 905 2391 ita
923 2351 974 2391 ab
993 2350 1163 2391 infantia
1188 2348 1465 2391 circumcisio.
1493 2348 1665 2391 Nullum

308 2439 473 2485 tempus
490 2438 671 2467 vacuum
689 2422 813 2464 debet
836 2436 925 2462 esse
946 2421 1084 2462 tutelae
1099 2453 1109 2468 ,
1139 2420 1236 2476 quia
1262 2421 1425 2461 nullum
1448 2426 1510 2460 est
1530 2420 1664 2476 culpae

305 2512 500 2543 vacuum.
516 2496 570 2537 Et
590 2493 723 2535 infans
734 2491 992 2535 revocandus
1007 2507 1028 2533 a
1040 2498 1215 2548 peccato
1233 2498 1320 2538 est3
1345 2505 1399 2531 ne
1419 2488 1664 2531 idololatriae

300 2569 522 2631 polluatur
551 2564 768 2621 contagio,
803 2571 845 2606 et
872 2578 926 2606 nc
960 2563 1136 2605 adorare
1163 2569 1374 2606 assuescat
1404 2560 1593 2610 idolum,
1619 2567 1664 2603 ct

350 2667 368 2704 ξ
388 2668 402 2689 ι
421 2657 498 2692 Cor.
515 2668 565 2698 vi,
584 2666 638 2695 20,
653 2660 685 2688 rt
699 2666 765 2695 vn,
780 2655 832 2688 23.
