1742 3233
342 262 431 319 552}
884 287 916 316 s.
956 287 1145 316 munosn

339 381 452 414 terea
474 367 678 425 scriptum
704 370 791 413 est,
820 364 915 420 quia
935 364 1174 422 possidebat
1200 362 1381 405 animam
1410 374 1527 405 suam
1561 361 1649 417 (49)
1670 394 1682 410 ,

338 449 538 495 tanquam
567 436 744 479 liberam
777 449 947 492 regens,
982 443 1024 476 et
1054 433 1157 475 nulli
1187 432 1373 475 servituti
1402 431 1625 474 obnoxiam
1647 431 1678 474 ¹.

340 509 429 551 Hoc
457 521 555 564 ergo
585 505 713 548 habet
738 504 913 546 intentio
939 503 1152 551 doctoris;
1176 518 1226 544 eo
1258 504 1372 559 quod
1391 502 1518 544 etiam
1539 502 1581 543 in
1607 501 1684 543 illis

340 576 593 622 diverticulis
609 583 651 618 et
669 573 921 616 anfractibus
937 573 1201 621 constitutus,
1220 574 1284 614 vel
1302 571 1437 613 adhue
1453 571 1527 613 aevi
1545 585 1686 612 recen-

338 649 470 697 tioris,
493 649 559 689 vel
580 647 767 688 nondum
791 644 1048 703 perfectioris
1063 644 1306 700 disciplinae,
1325 645 1390 685 vel
1410 643 1491 685 loci
1508 640 1685 699 patentis
1724 693 1725 696 Ἴ

342 720 394 762 ad
418 718 515 762 vitia
538 716 738 759 habitavit
755 715 908 756 nonita
926 714 1099 756 inflexus
1123 715 1174 755 ad
1195 715 1376 770 culpam,
1399 721 1442 754 ut
1455 711 1686 768 demigrare
1726 763 1727 769 ἵ

338 802 423 830 non
439 793 590 844 posset.
618 785 808 840 Denique
828 792 1013 825 mentem
1037 798 1154 825 suam
1182 783 1232 824 al)
1258 783 1326 824 illa
1341 782 1503 824 lubrica
1524 795 1686 839 posses-
1728 835 1729 838 Ἴ

338 856 453 898 sione
470 853 656 899 defendit
671 861 713 895 et
733 853 956 895 transtulit.

339 1010 467 1029 mmm
473 1009 562 1027 mm
566 1009 605 1025 w·
609 1005 1371 1025 wvvwvwwuwwvvvwwummvwwvwwwmvwwv
1375 1005 1689 1022 ΜΜΜΜΜΜΜ

876 1130 1051 1174 CAPUT
1083 1130 1154 1173 III.

342 1289 629 1335 Perambulat
646 1288 881 1332 Abraham
898 1304 1027 1343 usque
1049 1288 1108 1330 ad
1128 1287 1330 1345 Sychem,
1348 1302 1443 1343 quse
1461 1301 1548 1329 voae
1573 1301 1691 1328 exer-

400 1362 649 1403 citationem
664 1360 851 1401 denotat.
879 1359 953 1401 Ibi
975 1359 1130 1408 Deum,
1146 1374 1289 1412 quem,
1312 1358 1418 1399 dum
1438 1367 1539 1399 esset
1555 1355 1691 1398 Chal-

401 1431 532 1479 daeus,
563 1430 710 1472 videre
737 1445 825 1470 non
847 1439 1071 1486 potuerat,
1094 1429 1230 1470 cernit
1245 1428 1349 1478 ‚ficui
1369 1443 1497 1470 aram
1515 1426 1692 1483 quidem

401 1501 566 1543 eoetruit
582 1533 594 1550 ,
619 1501 692 1542 sed
718 1515 808 1540 non
829 1498 1074 1555 merificat,-
1100 1509 1138 1540 et
1158 1515 1245 1554 qua
1271 1500 1321 1540 cle
1337 1500 1498 1541 causa?
1519 1497 1691 1541 Iterum

403 1580 567 1619 tamen,
592 1570 783 1612 excitata
799 1585 896 1618 ara,
918 1585 1074 1611 nomen
1095 1570 1283 1612 Domini
1302 1570 1489 1612 invocat.

402 1719 508 1762 VIII.
558 1736 574 1757 «
599 1718 661 1760 ΕΤ
694 1717 1022 1775 perambulavit,
1053 1718 1209 1775 inquit,
1238 1718 1451 1760 Abraham
1480 1735 1612 1777 usque
1643 1722 1694 1764 ad

345 1791 514 1832 »locum
536 1788 744 1846 Sychem,
771 1789 822 1829 ad
848 1801 1050 1844 quercum
1082 1791 1206 1830 altam
1224 1787 1253 1830 ¹.
1283 1808 1298 1828 ³>
1331 1789 1478 1832 Nonne
1501 1791 1694 1833 videntur

344 1859 553 1918 superflua
570 1874 658 1900 esse
671 1892 681 1908 ,
701 1858 780 1912 nisi
797 1858 1001 1899 rationem
1019 1858 1205 1914 requiras
1220 1892 1229 1907 ,
1250 1874 1346 1899 cun]
1369 1868 1410 1901 et
1432 1854 1694 1903 altitudinem

345 1945 523 1987 quercus
553 1944 637 1970 non
668 1927 1013 1984 praetermiserit?
1041 1927 1123 1969 Sed
1152 1929 1221 1970 ubi
1255 1929 1359 1970 ratio
1383 1938 1469 1979 est,
1504 1931 1607 1972 nihil
1631 1948 1695 1973 su*

343 1999 567 2057 perfluum.
585 1998 766 2055 Sychem
777 1998 887 2039 enim
897 1999 961 2038 vel
971 1998 1185 2047 humerus,
1200 2000 1410 2040 velcervix
1420 2000 1692 2058 significatur,

347 2070 460 2126 quod
476 2076 538 2110 est
553 2067 706 2109 laboris
727 2075 768 2109 et
785 2067 1092 2109 exercitationis
1116 2068 1331 2111 indicium.
1358 2071 1475 2111 Unde
1499 2079 1540 2112 et
1560 2071 1693 2113 Jacob

342 2138 405 2180 vir
421 2137 670 2179 exercitatus
693 2136 778 2178 filio
792 2152 865 2178 suo
886 2137 1043 2194 Joseph
1060 2153 1150 2178 eam
1166 2139 1418 2196 prsecipuam
1438 2140 1565 2182 dedit.
1585 2131 1694 2199 Ergo

339 2207 433 2265 quia
449 2223 584 2264 neque
608 2207 694 2248 sine
718 2208 813 2249 dote
833 2215 989 2248 naturae
1015 2208 1256 2271 exergitatio
1281 2208 1367 2265 ipsa
1387 2225 1461 2266 per
1478 2225 1519 2251 se
1536 2209 1697 2268 perfec-

346 2279 502 2321 tionem
527 2277 716 2319 conserre
733 2285 885 2334 potest,
905 2285 945 2318 et
966 2285 1124 2318 naturae
1146 2278 1275 2335 gratia
1294 2280 1553 2328 destituitur,
1579 2280 1611 2322 si
1630 2272 1696 2323 dess

345 2347 396 2389 sit
417 2347 656 2390 exercitatio
674 2347 688 2404 (
703 2355 765 2388 ost
786 2347 899 2388 enim
917 2347 1118 2403 ingeniosi
1136 2348 1435 2390 adminiculum
1453 2349 1688 2407 diligentia)

344 2417 378 2460 is
399 2417 461 2459 vir
485 2416 537 2465 ad
570 2416 690 2473 cujus
717 2415 991 2459 imitationem
1013 2417 1228 2467 formaris,
1259 2420 1309 2460 ad
1339 2426 1496 2461 naturae
1519 2419 1695 2477 gratiam

346 2487 542 2546 adjuncta
563 2487 859 2529 exercitatione
873 2521 883 2537 ‚
907 2487 962 2530 ita
982 2486 1192 2529 fundatior
1209 2496 1251 2530 et
1273 2489 1449 2533 exelsior
1465 2489 1626 2539 factus,
1648 2498 1695 2532 ut

385 2609 396 2627 ¹
416 2601 499 2635 Gen.
514 2611 577 2641 xu,
594 2601 624 2634 5.
641 2619 682 2627 --
700 2608 712 2625 ²
728 2600 816 2635 Ibid.
835 2601 869 2634 6.
