1742 3233
316 221 405 272 254
862 235 892 262 s.
933 234 1122 262 AMBnosn

320 315 512 358 dubitare
544 327 629 355 non
657 320 803 370 potes,
839 326 935 353 cum
965 311 1123 368 justitia
1153 311 1266 351 unde
1290 308 1532 367 justificatio
1556 310 1668 352 deri—

317 393 411 428 vata
433 392 516 431 est,
539 382 691 424 mentis
712 381 857 438 utique
878 396 961 422 non
984 379 1169 437 corporis
1192 378 1255 420 sit.

379 454 544 499 XLVII.
575 453 717 494 Pictus
740 467 783 493 es
806 466 930 508 ergo,
962 466 985 491 0
1016 450 1170 497 1101110,
1193 456 1236 490 et
1267 449 1403 506 pictus
1436 464 1457 490 a
1487 448 1668 490 Domino

318 525 407 571 Deo
431 534 515 567 tuo.
542 525 709 566 Bonum
729 522 858 564 habes
877 520 1080 563 artificem
1099 528 1221 576 atque
1239 520 1458 576 pictorem.
1482 519 1575 562 Noli
1596 520 1670 561 bo·

320 612 418 640 nam
442 597 581 638 delere
603 594 808 652 picturam
824 626 834 641 ‚
859 608 942 633 non
970 592 1088 639 suco,
1124 592 1197 632 scd
1220 591 1391 632 veritate
1415 591 1666 648 fulgentem,

321 682 404 709 non
431 681 524 706 cera
549 677 809 720 expressam,
833 663 904 703 sed
926 662 1068 718 gratia.
1101 661 1223 702 Deles
1249 661 1476 718 picturam,
1502 661 1667 710 mulier,

320 736 354 777 si
391 736 554 776 vultum
584 741 704 773 tuum
731 731 934 771 materiali
973 732 1155 771 candore
1189 731 1373 778 oblinas,
1400 730 1432 771 si
1469 730 1670 786 acquisito

321 804 476 846 rubore
498 801 734 859 perfundas.
768 801 840 840 Illa
863 800 1026 856 pictura
1049 800 1160 848 vitii,
1185 815 1267 841 non
1291 800 1452 841 decoris
1479 809 1541 841 est
1567 815 1575 840 τ
1603 800 1671 842 illa

322 873 486 932 pictura
508 870 663 912 fraudis
680 902 690 918 ,
715 884 798 910 non
822 869 1096 925 simplicitatis
1117 877 1178 909 est
1204 884 1212 909 :
1240 869 1306 909 illa
1332 869 1492 925 pictura
1514 877 1673 925 tempo-

321 943 417 985 ralis
434 950 495 983 est
509 974 519 990 ,
542 949 610 982 aut
630 939 765 997 pluvia
780 971 791 988 ,
813 947 884 980 aut
906 940 1056 980 sudore
1076 939 1248 996 tergitur
1267 954 1275 980 :
1296 939 1363 980 illa
1386 939 1548 995 pictura
1572 938 1675 980 fallit

323 1021 365 1056 et
395 1012 572 1069 decipit3
607 1019 654 1053 ut
685 1026 821 1067 neque
859 1010 916 1051 illi
947 1011 1134 1067 placeas,
1160 1010 1226 1050 cui
1250 1012 1415 1067 placere
1438 1009 1672 1057 desideras,

325 1084 396 1140 qui
418 1082 608 1139 intelligit
640 1096 723 1122 non
750 1088 868 1121 tuum
886 1112 897 1128 ‚
929 1081 1000 1121 sed
1026 1080 1207 1121 alienum
1232 1094 1320 1120 esse
1348 1080 1461 1135 quod
1482 1080 1672 1135 placea53

324 1160 365 1194 et
398 1160 469 1193 tuo
492 1151 709 1208 displiceas
733 1150 916 1198 auctori,
942 1149 1011 1205 qui
1043 1150 1156 1191 videt
1179 1165 1282 1206 opus
1306 1164 1429 1190 suum
1449 1164 1539 1190 esse
1560 1149 1677 1190 dele-

323 1230 428 1263 tum.
467 1221 543 1262 Dic
571 1220 700 1267 mihi,
727 1220 758 1261 si
788 1234 910 1276 supra
936 1218 1139 1260 artificem
1172 1219 1352 1274 aliquem
1377 1218 1550 1259 inducas
1573 1219 1677 1259 alte-

324 1305 443 1339 rum,
474 1290 545 1347 qui
576 1305 679 1347 opus
709 1289 818 1330 illius
844 1288 1068 1345 superioris
1097 1287 1214 1328 novis
1246 1287 1443 1343 operibus
1466 1287 1674 1335 obducat,

324 1374 464 1402 nonne
491 1359 730 1417 indignatur
753 1359 843 1407 illo,
876 1358 947 1414 qui
980 1373 1085 1414 opus
1122 1371 1245 1398 suum
1278 1358 1557 1397 adulteratum
1589 1370 1678 1396 esse

326 1428 597 1486 cognoverit?
619 1427 713 1470 Noli
735 1428 881 1468 tollere
904 1427 1111 1484 picturam
1132 1426 1229 1474 Dei,
1253 1433 1296 1466 et
1316 1425 1522 1482 picturam
1539 1439 1680 1466 mere·-

327 1499 440 1542 tricis
459 1513 667 1540 assumere
680 1530 689 1546 ‚
714 1497 810 1554 quia
833 1497 911 1538 scri
915 1505 1035 1554 ptum
1058 1503 1119 1537 est
1139 1511 1147 1536 :
1167 1513 1181 1532 «
1194 1495 1355 1537 Tollam
1372 1510 1470 1552 ergo
1488 1495 1679 1536 membra

327 1588 342 1609 1>
357 1570 533 1618 Christi,
558 1578 599 1611 et
619 1568 769 1610 faciam
792 1569 982 1610 membra
1005 1566 1270 1609 meretricis?
1291 1565 1450 1608 Absit1.
1469 1566 1625 1617 »Quod
1646 1565 1680 1607 si

328 1640 419 1696 quis
437 1641 642 1681 adulterat
665 1655 768 1696 opus
789 1639 889 1687 Dei,
914 1653 1038 1695 grave
1061 1638 1220 1679 crimen
1247 1637 1439 1679 admittit.
1463 1637 1597 1678 Grave
1617 1643 1682 1678 est

328 1709 441 1752 enim
459 1709 618 1751 crimen
632 1742 645 1758 ‚
669 1708 715 1750 ut
736 1717 857 1766 putes
875 1710 988 1765 quod
1008 1709 1157 1749 melius
1183 1716 1221 1749 te
1246 1706 1373 1748 homo
1388 1739 1399 1755 ‚
1426 1721 1550 1762 quam
1567 1706 1681 1748 Deus

328 1781 484 1838 pingat.
512 1779 647 1821 Grave
670 1788 756 1828 est,
779 1787 826 1820 ut
844 1779 955 1820 dicat
975 1779 1028 1819 de
1048 1786 1084 1819 te
1106 1778 1219 1819 Deus
1240 1792 1282 1818 :«.
1301 1777 1392 1820 Non
1411 1791 1592 1834 agnosco
1615 1790 1683 1818 co·

330 1852 438 1892 lores
463 1864 604 1897 meos,
633 1864 718 1890 non
750 1863 929 1906 agnosco
961 1847 1187 1904 imaginem
1211 1862 1371 1897 meam,
1395 1862 1479 1889 non
1501 1861 1682 1904 agnosco

330 1920 516 1968 mltum,
544 1933 669 1975 quem
693 1918 780 1975 ipse
802 1918 1001 1965 formavi,
1027 1916 1171 1973 rejicio
1195 1931 1270 1974 ego
1294 1918 1407 1973 quod
1434 1931 1577 1958 meum
1596 1929 1683 1956 11011

331 1997 405 2031 est.
431 1989 554 2029 Illum
577 2002 738 2045 quaere,
763 1987 834 2044 qui
860 1996 901 2029 te
928 1987 1061 2044 pinxit
1086 2001 1095 2028 :
1123 2001 1221 2028 cum
1243 1987 1313 2028 1110
1336 1987 1491 2029 habeto
1515 2000 1684 2028 consor-

330 2058 435 2101 tium
457 2073 466 2099 :
493 2058 546 2099 ab
569 2057 639 2099 illo
655 2073 778 2099 sume
799 2057 990 2116 gratiam,
1010 2056 1078 2098 cui
1092 2058 1334 2099 mercedem
1357 2056 1521 2099 dedisti.
1538 2074 1555 2095 a
1569 2055 1684 2107 Quid

331 2126 635 2185 respondebis?

388 2196 574 2240 XLVIII.
614 2195 740 2249 Quod
762 2196 795 2238 si
816 2212 939 2254 grave
968 2204 1030 2238 est
1050 2196 1286 2238 adulterare
1314 2212 1420 2255 opus
1442 2196 1542 2247 Dei,
1583 2194 1685 2252 quid

332 2265 383 2308 de
405 2266 484 2309 illis
506 2266 714 2315 dicemus,
741 2266 812 2323 qui
831 2265 1092 2308 interficiunt
1111 2280 1214 2323 opus
1235 2266 1338 2314 Dei,
1363 2266 1434 2323 qui
1449 2265 1684 2307 humanum

330 2337 573 2395 sanguinem
590 2337 794 2386 fundunt,
812 2337 882 2394 qui
900 2337 1049 2385 vitam,
1071 2351 1197 2393 quam
1212 2336 1325 2379 Deus
1348 2335 1536 2384 donavit,
1550 2343 1687 2379 extor-

328 2415 483 2463 quent,
504 2407 575 2464 qui
593 2407 739 2450 dicunt
759 2422 768 2449 :
785 2407 1022 2450 «Tollamus
1035 2406 1196 2464 justum
1209 2438 1222 2455 ,
1242 2395 1339 2463 quia
1353 2406 1510 2449 inutilis
1530 2413 1593 2448 est
1613 2420 1686 2448 no·

328 2476 421 2518 bis?
436 2494 451 2516 n
466 2477 584 2520 Unde
595 2478 708 2520 bene
724 2479 881 2520 lectum
899 2485 960 2519 est
976 2476 1100 2518 hodie
1120 2490 1129 2517 ε
1147 2492 1163 2514 «
1178 2475 1332 2535 Vulpes
1349 2476 1492 2518 foveas
1508 2475 1684 2525 hahent,

374 2575 386 2592 ³
412 2578 422 2599 1
443 2569 519 2601 Cor.
535 2580 584 2608 vr,
606 2569 658 2601 15.
