1742 3233
486 280 773 309 HEXAEMERON.
811 280 891 308 Llll.
928 280 980 306 vl.
1328 265 1415 321 249

53 362 152 420 quid
174 361 224 403 sit
252 359 387 416 imago
407 358 482 400 Dei
507 357 603 400 audi
626 357 859 398 dicentem:
885 374 899 394 «
924 354 1009 407 Qui
1031 354 1187 412 eripuit
1213 370 1314 402 neS,
1345 355 1411 396 in-

55 451 70 473 »
84 431 198 488 quit,
229 431 282 472 de
313 436 517 485 potestate
548 427 818 468 tenebrarum
835 457 845 474 ,
873 434 915 467 et
936 425 1145 467 transtulit
1170 425 1210 465 in
1233 440 1409 480 regnum

54 499 177 543 »Filii
196 498 391 540 claritatis
409 513 507 546 suae,
522 498 562 538 in
580 512 662 553 quo
680 496 885 538 habemus
897 495 1247 551 redemptionem,
1260 495 1411 536 remis—

52 590 67 610 »
81 570 238 614 sionem
252 576 540 625 peccatorum,
552 566 621 623 qui
632 574 693 608 est
706 565 842 623 imago
854 565 929 607 Dei
943 565 1156 607 invisibilis
1173 597 1183 613 ,
1199 572 1239 606 et
1251 563 1410 621 primo-

51 639 243 696 »genitus
261 637 462 678 universae
485 645 684 678 creatura}
706 635 734 678 ¹.
767 654 783 675 »
814 636 906 692 Ipse
925 644 987 677 est
1002 636 1137 692 imago
1152 634 1228 676 Dei
1252 634 1407 683 Patris,

52 708 121 764 qui
145 722 310 764 semper
325 715 401 754 est,
423 714 464 748 et
480 713 569 747 erat
586 705 626 746 in
652 704 870 762 principio.
892 705 1082 762 Denique
1105 705 1240 761 imago
1261 711 1323 745 est
1340 703 1409 760 qui

55 777 183 820 dicit:
222 795 237 814 «
265 775 453 832 Philippe
472 809 482 824 ‚
509 775 581 832 qui
608 774 720 816 videt
742 790 836 824 me,
867 775 979 817 videt
1002 783 1044 817 et
1066 776 1231 817 Patrem
1253 773 1282 815 ².
1311 792 1326 812 »
1358 774 1411 815 Et

51 847 263 903 quomedo
286 853 349 894 tn,
376 861 472 886 cum
495 845 717 902 imaginem
742 845 874 887 vivam
895 845 1026 887 Patris
1048 845 1221 887 viventis
1243 843 1408 891 videas,

52 916 184 957 dicis:
226 933 240 952 κ
270 915 455 956 Ostende
486 915 607 956 nobis
633 915 830 956 Patrem?
859 915 951 958 Non
981 915 1116 956 credis
1148 915 1244 971 quia
1269 928 1345 970 ego
1369 913 1410 954 in

51 1005 66 1025 »
79 986 215 1033 Patre,
235 986 410 1026 etPater
427 985 468 1025 in
491 1000 559 1026 me
582 993 644 1026 est
662 984 674 1005 ⁵
689 985 706 1025 Ρ
722 1004 736 1023 »
751 986 892 1042 Imago
905 985 982 1026 Dei
1001 985 1130 1026 virtus
1152 992 1229 1032 est,
1251 998 1335 1023 nen
1354 982 1413 1023 in·

53 1055 252 1097 firmitas:
279 1055 415 1110 imago
437 1054 514 1095 Dei
537 1050 739 1110 sapientia
761 1063 845 1103 est,
871 1054 1006 1110 imago
1030 1054 1106 1096 Dei
1132 1053 1290 1110 justitia
1314 1061 1376 1094 est
1397 1067 1407 1093 :

53 1128 125 1168 sed
145 1124 345 1182 sapientia
367 1124 503 1166 divina
527 1132 616 1171 est,
641 1132 682 1165 et
699 1124 952 1180 sempiterna
975 1123 1147 1180 justitia.
1176 1124 1319 1179 Imago
1334 1123 1411 1165 Dei

53 1204 114 1238 est
133 1196 244 1236 solus
268 1194 358 1243 ille,
383 1193 452 1249 qui
475 1193 576 1234 dixit
597 1209 606 1234 ε
640 1212 655 1231 «
681 1194 768 1250 Ego
791 1201 833 1235 et
855 1194 977 1235 Pater
999 1209 1131 1234 unum
1155 1209 1299 1234 sumus
1320 1192 1359 1241 ‘⁴3
1386 1210 1401 1231 »

53 1265 107 1307 ita
130 1264 287 1306 habens
310 1262 624 1305 similitudinem
641 1263 790 1312 Patris,
814 1271 860 1305 ut
881 1263 1135 1312 Divinitatis,
1159 1272 1201 1305 et
1224 1263 1410 1320 plenitu-

54 1334 159 1377 dinis
181 1333 333 1376 habeat
355 1333 572 1374 unitatem.
596 1332 675 1374 Ubi
697 1333 819 1382 dicit,
853 1351 868 1371 «
890 1333 1132 1381 Faciamus,
1153 1352 1168 1372 n
1199 1333 1412 1389 quomodo

54 1403 308 1459 inaequalitas
328 1402 345 1444 Ρ
368 1402 474 1444 Cum
498 1402 653 1443 iterum
675 1402 808 1451 dicat,
845 1420 861 1439 «
883 1402 949 1444 Ad
974 1402 1291 1443 similitudinem
1314 1416 1413 1443 nos-

53 1490 69 1513 »
84 1480 206 1521 tram,
221 1490 236 1511 »
251 1472 323 1514 ubi
340 1480 401 1514 est
414 1471 734 1513 dissimilitudo?
753 1471 820 1513 Sic
838 1480 880 1514 et
895 1471 936 1513 in
954 1472 1177 1529 Evangelio
1197 1472 1267 1513 ubi
1286 1471 1408 1513 dicit:

66 1560 81 1580 «
99 1543 186 1600 Ego
208 1550 250 1584 et
269 1543 415 1591 Pater,
440 1560 456 1581 »
484 1542 626 1598 utique
650 1557 735 1582 non
756 1557 839 1583 una
862 1557 1040 1599 persona
1059 1551 1121 1585 cst
1141 1558 1149 1584 :
1176 1542 1249 1583 ubi
1273 1550 1414 1584 autem

58 1612 138 1661 ait,
174 1631 188 1651 «
215 1614 351 1655 Unum
377 1627 519 1654 sumus
539 1643 550 1660 ,
576 1630 591 1650 »
621 1612 733 1653 nulla
758 1619 820 1654 est
847 1612 1126 1669 discrepantia
1147 1611 1382 1654 Divinitatis
1401 1644 1411 1660 ,

59 1691 129 1724 aut
153 1682 302 1739 operis.
339 1681 431 1725 Non
454 1681 580 1739 igitur
607 1681 648 1722 in
680 1688 862 1738 utroque
887 1698 970 1724 una
998 1698 1199 1739 persona,
1231 1684 1303 1724 sed
1332 1697 1412 1723 una

59 1751 289 1794 substantia
315 1760 389 1794 est.
419 1752 470 1793 Et
492 1752 600 1792 hene
625 1751 812 1800 addidit,
844 1769 859 1789 «
882 1751 1062 1801 Sumus;
1087 1771 1102 1791 »
1132 1752 1227 1808 quia
1249 1765 1416 1807 semper

59 1836 148 1863 esse
177 1820 363 1863 divinum
394 1828 482 1870 est,
514 1828 561 1861 ut
591 1828 850 1862 coaeternum
877 1823 1047 1871 credas,
1083 1838 1208 1878 quem
1240 1821 1417 1878 putabas

57 1891 298 1933 dissimilem
329 1907 429 1933 esse.
464 1892 661 1933 AEternus
682 1900 745 1933 est
760 1892 870 1934 enim
885 1925 896 1941 ,
925 1894 976 1934 de
994 1908 1078 1949 quo
1101 1893 1201 1935 dicit
1220 1893 1384 1949 Moyses
1405 1906 1414 1933 z

67 1979 83 2000 «
100 1962 183 2014 QU1
200 1977 273 2004 EsT
298 1961 412 2003 misit
429 1977 496 2003 me
512 1961 572 2004 ⁵.»
595 1962 777 2004 Pulchre
795 1962 920 2004 etiam
943 1962 1046 2005 illud
1062 1963 1286 2020 praemisit:
1305 1962 1419 2018 «Ego

58 2039 129 2074 »et
144 2032 279 2075 Pater.
302 2032 436 2075 »Nam
453 2031 485 2073 si
500 2032 666 2073 Patrem
678 2031 958 2089 praemisisset,
971 2041 1017 2075 tu
1035 2033 1242 2075 minorem
1260 2032 1416 2075 Filium

56 2100 291 2159 judicares:
314 2102 386 2142 sed
410 2100 610 2158 praemisit
631 2101 808 2150 Filium,
832 2117 958 2158 quem
981 2119 1067 2145 non
1089 2103 1283 2145 convenit
1301 2102 1417 2144 credi

57 2172 179 2215 Patre
203 2171 478 2229 superiorem.
502 2171 707 2228 Adjunxit
730 2172 950 2222 «Patrem,
970 2193 985 2213 »
1013 2182 1059 2215 ut
1075 2175 1263 2216 advertas
1280 2174 1419 2215 Deum

58 2241 225 2284 Patrem
245 2249 287 2283 et
303 2240 457 2284 Filium
470 2240 561 2297 ejus
580 2240 737 2282 ordinis
759 2241 1005 2299 praejudicio
1017 2259 1101 2285 non
1119 2244 1265 2286 teneri.

118 2309 247 2353 XLII.
297 2327 312 2348 «
332 2309 541 2359 Attende,
566 2309 726 2366 inquit,
751 2311 826 2353 tibi
852 2312 927 2354 soli
951 2311 981 2355 ⁶.
1016 2331 1030 2353 »
1063 2314 1187 2356 Aliud
1209 2313 1322 2355 enim
1348 2325 1420 2354 su-

59 2392 152 2421 mus
169 2395 261 2429 nos,
283 2380 396 2422 aliud
419 2388 517 2422 sunt
537 2389 703 2430 nostra,
729 2381 841 2423 aliud
864 2397 955 2439 quae
976 2383 1086 2425 circa
1104 2399 1180 2425 nos
1203 2391 1312 2425 sunt.
1337 2383 1421 2426 Nos

61 2463 218 2498 sumus,
235 2449 317 2492 hoc
333 2458 411 2500 est,
431 2450 567 2492 anima
587 2458 629 2492 et
647 2465 765 2493 mens
782 2466 791 2493 ε
813 2459 954 2495 nostra
972 2461 1070 2495 sunt
1087 2453 1274 2511 corporis
1291 2467 1422 2494 mem·

0 2534 3 2586 k,
62 2590 65 2594 ,
106 2565 117 2580 ¹
133 2557 239 2590 colos.
265 2569 289 2599 1,
310 2558 418 2591 13-15.
441 2576 479 2582 —-
499 2566 511 2581 ³
540 2559 633 2591 Joan.
650 2569 717 2599 xiv,
734 2570 821 2602 9.—
838 2558 955 2594 ⁵1hid.
979 2571 1032 2594 ιο.
1054 2578 1094 2586 --
1126 2563 1138 2588 4
1165 2560 1214 2593 Id.
1246 2571 1278 2596 x,
1310 2560 1419 2592 30.—

65 2610 78 2634 ⁸
92 2609 192 2643 Exod.
212 2623 265 2653 ιιι,
289 2613 337 2652 14,
356 2631 396 2638 —-
415 2614 429 2635 ὓ
443 2614 540 2646 Deut.
562 2624 607 2651 ιν,
627 2624 659 2656 9.
