1742 3233
483 271 534 300 DE
568 270 774 300 ABRAHAM.
813 270 892 298 Lm.
932 271 976 298 11.
1326 260 1413 302 581

63 342 260 409 gratiam,
292 348 558 407 splendorem
588 348 750 406 gloriae,
779 348 897 405 cujus
932 348 1062 391 haercs
1090 350 1252 406 primus
1279 350 1414 393 sactus

63 428 124 461 est
151 419 450 478 primogenitus
479 434 500 461 a
527 419 702 461 mortuis
730 418 806 461 Dei
839 417 947 459 filius
970 417 1092 461 Jesus
1122 419 1326 462 Christus.
1360 422 1411 462 Et

62 488 155 530 ideo
185 504 269 531 non
297 489 524 532 seminibus
541 521 550 536 ,
581 489 708 537 dixit,
741 490 834 536 sed,
860 488 1017 530 Semini
1040 488 1080 537 1;
1108 499 1153 531 ut
1184 492 1415 533 declararet

62 558 202 607 illum,
232 559 301 615 qui
324 558 432 601 hane
459 558 746 600 haereditatem
772 558 957 599 humano
988 559 1129 615 generi
1158 560 1316 615 primus
1344 576 1415 602 ac-

62 627 255 683 quireret.

119 695 228 738 XLI.
269 695 548 754 Cognovimus
577 697 696 739 bonae
713 698 863 740 mentis
881 697 1117 755 profectum
1132 732 1142 748 ‚
1169 714 1258 755 qua:
1277 714 1297 740 a
1316 699 1413 740 vitio

61 766 235 808 lubricae
252 766 494 809 deflexionis
516 783 721 824 exurgens
746 767 932 824 quaesivit
955 767 1094 809 statim
1116 768 1333 825 prscmium
1352 785 1414 809 sa—

60 836 251 892 pientiae‚
280 836 566 878 haereditatem
593 837 777 894 justitiae.
813 838 1030 889 Quantum
1062 847 1200 880 auten]
1235 847 1414 881 noceant

59 904 215 947 levitati
231 905 328 947 vitia
350 906 562 962 adjuncta,
585 908 707 949 docet
727 908 990 964 sequentium
1013 908 1138 949 series
1162 909 1405 949 lectionum.

59 975 163 1017 Nam
181 975 238 1017 illi
255 984 435 1032 quatuor
461 992 594 1033 reges,
619 978 687 1033 qui
711 979 762 1019 de
778 978 962 1034 quinque
985 978 1150 1034 regibus
1172 977 1411 1034 triumpha—

59 1053 223 1094 verunt,
248 1053 291 1087 et
311 1047 574 1088 adduxerunt
595 1047 826 1103 equitatum
850 1038 1132 1089 Sodomorum
1156 1055 1290 1088 totum
1305 1079 1315 1094 ‚
1342 1062 1411 1088 ce-

58 1124 212 1173 perunt
232 1116 358 1157 etiam
380 1115 459 1157 Lot
484 1115 617 1157 filium
640 1116 776 1157 fratris
794 1116 996 1165 Abrahae,
1015 1125 1056 1157 et
1074 1116 1355 1158 discesserunt
1377 1115 1407 1157 ².

59 1185 257 1240 Quinque
272 1198 393 1241 reges
411 1185 594 1241 quinque
618 1200 760 1227 sensus
785 1185 971 1242 corporis
993 1186 1124 1227 nostri
1145 1194 1258 1233 sunt,
1280 1186 1408 1234 visus,

58 1256 271 1304 odoratus,
286 1262 443 1311 gustus,
461 1262 614 1303 tactus,
636 1256 801 1298 auditus
823 1271 831 1296 :
853 1263 1033 1312 quatuor
1049 1272 1181 1313 reges,
1203 1257 1412 1298 illecebrae

58 1326 294 1381 corporales
319 1332 442 1380 atque
462 1327 687 1367 mundanae
714 1334 835 1374 sunt3
861 1327 1060 1383 quoniam
1081 1334 1122 1368 et
1145 1342 1241 1368 caro
1273 1327 1412 1368 homi-

57 1393 120 1435 nis
134 1426 144 1442 ,
165 1401 207 1435 et
224 1395 408 1435 mundus
433 1410 455 1436 e
473 1403 654 1451 quatuor
677 1404 841 1438 constat
864 1396 1094 1438 elementis.
1125 1396 1272 1438 Merito
1294 1412 1412 1453 reges

58 1465 281 1512 dicuntum
306 1464 401 1521 quia
424 1465 553 1508 habet
573 1482 696 1508 suum
720 1469 841 1524 culpa
866 1467 1144 1514 dominatum,
1167 1466 1295 1508 habet
1318 1481 1414 1522 reg-

58 1550 159 1576 num
179 1534 346 1592 grande.
372 1535 489 1577 Unde
511 1536 736 1593 Apostolus
758 1536 814 1578 ait
841 1551 850 1577 :
868 1553 883 1574 «
905 1536 997 1578 Non
1022 1543 1167 1593 regnet
1187 1543 1411 1592 peccatum

57 1605 129 1646 »in
155 1612 293 1646 vestro
324 1605 472 1646 morali
501 1620 679 1663 corpore
700 1605 728 1647 ³.
758 1605 941 1647 »Sensus
974 1605 1098 1663 igitur
1126 1606 1257 1648 nostri
1289 1605 1410 1646 facile

57 1675 345 1733 corporalibus
364 1675 710 1718 delectationibus
722 1684 762 1717 et
776 1676 1044 1718 saecularibus
1066 1677 1237 1724 cedunt,
1258 1685 1299 1717 et
1314 1691 1412 1732 qua-

57 1748 152 1788 dam
170 1763 316 1789 corum
337 1755 542 1806 potestate
566 1747 801 1804 capiuntur.
833 1747 1080 1804 Corporales
1102 1747 1214 1788 enim
1233 1748 1411 1788 delecta-

57 1816 189 1858 tiones
202 1816 247 1858 'et
263 1817 480 1859 illecebras
498 1816 625 1872 hujus
649 1817 788 1858 saeculi
812 1832 896 1858 non
914 1816 1064 1865 vincit,
1088 1817 1166 1858 nisi
1184 1831 1302 1857 mens
1321 1832 1412 1872 quae

55 1886 178 1928 fucrit
203 1887 420 1943 spiritalis,
446 1887 661 1928 adhaerens
683 1887 770 1927 Deo
786 1919 795 1935 ,
821 1895 863 1927 ct
884 1903 927 1928 se
945 1894 1078 1928 totam
1101 1902 1123 1927 a
1147 1886 1321 1927 terrenis
1346 1902 1412 1927 se-

56 1972 217 2015 paranS.
254 1957 440 1999 Dessexio
473 1957 609 1997 omnis
642 1957 706 1997 his
734 1957 908 2013 capitur.
946 1948 1064 1998 Unde
1098 1956 1283 1998 Joanncs
1317 1956 1370 1997 ait
1400 1971 1409 1997 :

63 2045 79 2064 «
96 2027 167 2069 Vae
191 2026 478 2068 habitantibus
506 2027 547 2067 in
570 2034 678 2067 terra
702 2025 738 2066 ¹⁴!
765 2026 854 2068 Non
879 2026 1024 2081 utique
1047 2041 1191 2072 onmes
1216 2025 1409 2066 homines

55 2096 390 2155 comprehendit,
419 2097 489 2155 qui
516 2105 616 2138 tunc
644 2096 736 2137 vitae
758 2096 884 2152 hujus
916 2111 1085 2137 cursum
1119 2094 1406 2142 conficerent3

59 2169 182 2222 (sunt
203 2168 316 2210 enim
338 2168 436 2210 etin
453 2167 570 2209 terris
597 2166 719 2224 positi
742 2181 921 2221 quorum
945 2166 1205 2208 conversatio
1230 2166 1271 2206 in
1297 2166 1411 2206 coelis

54 2240 153 2295 est‚)
170 2240 246 2280 sed
258 2255 328 2280 eos
339 2254 443 2279 “uos
461 2246 636 2279 terrenae
661 2236 984 2278 conversationis
1004 2235 1175 2277 affectus
1188 2269 1198 2284 ‚
1220 2251 1266 2277 ac
1289 2236 1413 2291 hujus

56 2308 194 2349 saeculi
228 2307 544 2365 viceritgratia.
582 2307 692 2363 Ergo
723 2321 808 2347 11011
841 2295 1121 2355 habitatores,
1159 2306 1231 2345 scd
1261 2306 1414 2345 accola:

56 2393 198 2419 sumus
213 2385 332 2419 terrae
349 2377 489 2434 hujus.
506 2375 661 2419 Accola
680 2376 792 2418 enim
812 2376 1053 2433 temporalis
1072 2374 1285 2416 diversorii
1299 2390 1415 2431 spem

55 2448 160 2506 gerit
180 2463 189 2489 ε
210 2444 425 2491 habitator
444 2456 584 2490 autem·
607 2463 724 2505 spem
742 2462 910 2489 omnem
934 2454 1057 2504 atque
1079 2461 1201 2488 usum
1224 2461 1307 2487 suae
1330 2446 1413 2486 illic

104 2564 115 2578 ¹
141 2555 244 2588 Galat.
273 2566 335 2597 111,
367 2555 417 2590 16.
449 2574 489 2582 —-
517 2564 528 2578 ²
558 2556 641 2588 Gen.
664 2567 735 2594 xxv,
764 2567 799 2595 1,
827 2566 854 2587 21
875 2573 914 2580 —
932 2557 946 2579 3
966 2555 1060 2588 Rom.
1089 2565 1134 2594 vl,
1157 2565 1202 2586 12.
1223 2572 1262 2577 --
1282 2556 1295 2580 ⁴
1314 2553 1417 2596 Apes.

58 2621 143 2649 vul,
178 2610 214 2642 13
