1742 3233
302 253 386 295 518
846 270 875 296 s,
917 269 1105 297 AMBROSII

301 346 375 388 sed
394 346 427 388 si
449 348 539 404 quis
563 346 772 395 inciderit,
799 347 930 389 discat
949 348 1140 389 ancillam
1158 362 1275 390 suam
1292 349 1514 394 humiliare
1531 352 1648 404 uxori

301 413 385 458 suae
403 433 414 465 3
439 432 492 458 116
506 450 515 465 ,
540 418 641 458 dum
662 418 750 459 vult
772 417 965 459 ancillam
985 417 1195 459 vindicare
1208 451 1219 467 ,
1244 421 1438 462 excludat
1457 415 1644 481 uxorcm'.

358 486 533 530 XXVII.
571 487 680 544 Ergo
696 484 910 529 Abraham
937 496 978 529 et
998 502 1102 529 unus
1126 488 1176 529 (16
1199 491 1354 547 populo
1371 499 1460 533 crat
1481 483 1649 549 gentili,
1691 524 1698 530 ,
1719 522 1720 525 ¹

303 565 344 599 et
361 572 483 599 causa
505 557 758 614 posteritatis
782 557 997 599 introierat
1015 560 1066 599 ad
1084 558 1277 600 ancillam
1293 576 1305 608 ‚-
1325 561 1419 617 quia
1445 563 1551 603 uxor
1563 560 1654 618 ejus

301 626 561 669 sterilitatem
579 641 696 668 suam
719 627 972 668 obumbrare
991 627 1162 684 cupiens
1180 637 1326 672 auctor
1342 630 1432 686 ejus
1448 630 1545 673 facti
1563 629 1656 671 suc—

301 705 366 738 rat
394 698 482 739 viro
504 713 512 738 :
545 705 586 738 et
611 705 753 738 tamen
778 712 862 738 non
886 698 1065 739 otiosum
1097 706 1159 740 est
1182 701 1296 755 quod
1320 709 1414 757 post
1438 701 1520 742 hoc
1542 701 1656 743 Deus

302 767 441 809 statim
456 800 467 816 ,
494 767 591 824 quia
614 767 690 808 alia
713 767 804 824 ejus
826 783 951 824 opera
973 770 1192 824 probaret,
1222 773 1287 812 vel
1307 772 1433 828 hujus
1455 758 1554 813 sacti
1573 787 1660 829 poe-

302 836 545 885 nitentiam,
576 837 678 878 dixit
699 837 758 878 illi
780 853 789 878 :
826 854 842 874 «
870 838 956 894 Ego
987 853 1079 878 sum
1105 839 1218 880 Deus
1250 848 1368 890 tuus,
1402 842 1590 897 emerere
1616 841 1659 882 in

303 914 564 964 »conspectu
584 922 697 955 meo,
712 915 754 949 et
773 915 861 948 esto
879 907 966 948 sine
978 908 1188 964 querela¹.
1208 928 1223 947 »
1243 895 1361 966 iluasi
1384 900 1522 953 adhuc
1539 913 1660 969 plene

304 991 389 1018 non
423 977 669 1019 emeruisset
689 1010 699 1025 ,
736 975 806 1032 qui
838 977 1078 1034 desperaret
1109 978 1258 1036 sterilis
1290 988 1459 1036 partum
1488 980 1627 1022 uxoris
1648 1013 1659 1028 ,

305 1055 347 1089 et
374 1048 425 1089 (16
452 1047 600 1089 ancilla
624 1047 913 1105 posteritatem
944 1056 1161 1104 quaereret.
1201 1067 1216 1087 «
1241 1049 1341 1091 Esto
1357 1083 1368 1099 ‚
1392 1050 1549 1107 inquit,
1575 1050 1663 1092 51116
1723 1076 1725 1085 1

306 1120 504 1174 »querela
519 1150 530 1167 ‚
544 1136 559 1156 »
573 1117 654 1160 1106
666 1126 749 1166 651,
768 1117 1167 1174 irreprehensibili53
1184 1128 1231 1161 111
1244 1121 1346 1162 dete
1365 1120 1450 1163 non
1464 1122 1664 1178 queratur
1724 1165 1726 1172 ,

306 1204 334 1229 11
364 1204 432 1236 or,
467 1202 545 1229 nec
569 1188 791 1244 quisquam
826 1196 893 1228 tua
926 1188 1033 1229 sacta
1064 1189 1357 1246 reprehendat.
1395 1191 1527 1233 Mutat
1553 1190 1665 1233 enim

307 1273 485 1306 nomen,
505 1257 644 1299 littera
668 1257 808 1298 addita
823 1291 833 1306 ‚
857 1265 905 1298 ut
927 1260 978 1310 (16
1000 1257 1157 1299 Abram
1180 1268 1403 1301 vocaretur
1424 1260 1637 1317 Abraham
1654 1293 1663 1308 ,

307 1329 391 1370 hoc
420 1335 497 1376 651,
534 1328 585 1368 (16
608 1335 727 1384 patre
751 1341 877 1376 van0‚
910 1327 1017 1368 sicut
1043 1327 1171 1369 habet
1193 1328 1320 1369 latina
1353 1329 1663 1388 interpretatiO,

305 1406 527 1441 vocaretur
541 1405 660 1455 pater
676 1397 880 1445 sublimis,
902 1406 1019 1454 pater
1037 1400 1194 1440 electus
1215 1413 1224 1439 τ
1251 1399 1317 1440 vel
1339 1400 1390 1440 (16
1406 1399 1525 1456 patre
1548 1398 1668 1441 fieret

311 1478 353 1511 et
375 1477 494 1527 pater
514 1467 600 1510 filii.
633 1468 770 1510 Vanus
792 1476 884 1509 orat
902 1482 997 1509 611111
1021 1468 1157 1510 Deum
1182 1469 1360 1511 nesciret
1379 1485 1388 1510 z
1409 1462 1565 1511 electus
1587 1469 1669 1511 sac-

311 1547 376 1581 tus
402 1547 464 1580 est
493 1546 587 1595 post
607 1553 733 1594 quam
757 1538 952 1595 cognovit
970 1538 1118 1580 Deum.
1146 1538 1269 1580 Pater
1289 1547 1378 1580 crat
1400 1555 1498 1581 cum
1521 1541 1572 1581 (16
1594 1555 1669 1580 au—

313 1609 406 1651 61110
430 1609 598 1665 prolem
627 1608 803 1649 haberet
823 1623 832 1649 ε
868 1608 940 1650 56(1
964 1616 1082 1665 paler
1106 1607 1180 1649 filii
1207 1624 1290 1650 non
1318 1617 1407 1652 erat
1427 1625 1438 1657 ;
1462 1609 1556 1666 quia
1585 1624 1669 1650 nou

310 1688 400 1721 erat
427 1679 464 1720 61
492 1678 624 1726 filius,
658 1678 728 1734 qui
761 1693 845 1719 non
872 1687 960 1720 erat
990 1678 1175 1735 legitimo
1210 1685 1428 1736 susceptus
1454 1669 1665 1736 conjugio.

307 1749 475 1806 Peperit
498 1748 596 1790 Sara
613 1781 624 1797 ,
654 1757 696 1790 61
722 1748 856 1789 factus
873 1757 935 1790 est
962 1757 1081 1805 pater
1102 1747 1189 1790 filii.
1219 1748 1476 1790 Circumcidi
1499 1748 1672 1805 jubetur

311 1827 562 1876 accepturus
579 1818 666 1860 veri
684 1818 853 1859 seminis
868 1818 1170 1860 l‘xaereditatem.
1192 1818 1340 1860 Nonne
1357 1818 1570 1860 evidenter
1587 1817 1671 1859 cir—

311 1889 513 1931 cumcisio
538 1889 674 1930 carnis
696 1896 958 1945 praeccptum
980 1896 1042 1929 est
1066 1887 1345 1936 castimoniae,
1371 1895 1417 1928 ut
1440 1879 1587 1944 aliq'uis
1611 1902 1671 1928 re-

311 1966 424 2001 secet
447 1958 665 2001 libidinem
695 1958 855 2007 camis,
889 1966 930 1999 et
958 1958 1179 1999 indomitas
1208 1960 1309 1999 luxu
1338 1973 1386 1999 ac
1417 1956 1584 1999 lascivia
1612 1972 1672 1998 re-

309 2029 445 2071 frenet
484 2029 734 2086 cupiditates
755 2028 771 2070 Ξ)
814 2028 979 2070 Etenim
1019 2027 1350 2070 circumcisionis
1386 2028 1593 2070 vocabulo
1628 2027 1672 2069 id

310 2099 624 2156 praescribitur,
649 2107 695 2141 ut
722 2098 859 2140 omnis
883 2099 1135 2156 impuritatis
1167 2098 1289 2139 foetor
1316 2099 1599 2156 abstergatur,
1630 2106 1672 2140 et

308 2170 570 2213 incentivum
593 2169 777 2212 libidinis
805 2169 1030 2212 auferatur.
1065 2169 1237 2211 Duabus
1265 2169 1327 2210 usi
1351 2184 1496 2211 sumus
1525 2168 1671 2210 desen-

314 2239 516 2282 sionibus.

368 2308 566 2352 XXVIII.
581 2310 720 2352 Tertia
733 2325 901 2367 quoque
915 2319 992 2359 est,
1009 2315 1134 2366 quam
1147 2310 1266 2353 nobis
1281 2309 1455 2368 apostoli
1465 2308 1581 2351 Pauli
1595 2308 1671 2350 tri-

310 2380 403 2422 buit
415 2381 659 2430 auctoritas,
673 2381 744 2437 qui
757 2381 832 2423 ait:
848 2382 922 2423 Illa
935 2396 1025 2438 quae
1039 2381 1166 2438 gessit
1176 2380 1389 2422 Abraham
1400 2388 1445 2422 ut
1457 2380 1510 2422 de
1523 2378 1670 2422 ancilla

308 2452 539 2511 susciperet
567 2450 780 2503 sobolem,
810 2453 852 2495 in
875 2447 1054 2512 figuram
1080 2452 1189 2494 sacta
1217 2460 1342 2501 sunt,
1369 2459 1411 2494 et
1436 2451 1670 2493 secundum

308 2524 546 2582 allegoriam
568 2524 691 2568 (licta.
731 2524 937 2582 Allegoria
960 2532 1021 2567 ost
1054 2538 1151 2566 cum
1175 2523 1285 2567 aliud
1305 2520 1467 2581 geritur
1491 2529 1535 2565 et
1558 2513 1670 2568 aliud
1730 2555 1732 2571 2

360 2625 369 2642 ¹
389 2617 474 2650 Gen.
491 2628 571 2657 xvu,
596 2628 619 2648 1.
