1747 3260
462 259 749 289 ussxAssMEnoN.
789 260 868 287 Lm.
907 259 949 287 11.
1323 250 1378 293 65

23 353 98 387 ‘tor
112 358 202 386 esse
224 339 447 399 praecepit,
472 353 556 380 non
576 347 776 395 tanquam
798 337 940 396 figurae
960 339 1153 382 inventor
1167 374 1177 390 ‚
1203 342 1275 383 sed
1297 350 1383 385 tan-

30 427 156 470 quam
193 419 387 469 operator
421 417 592 451 naturae.
636 409 741 452 Nam
772 411 984 466 quomodo
1022 411 1099 452 sihi
1125 413 1380 455 conveniunt

31 482 262 541 operatoria
285 479 547 538 impassibilis
569 479 645 521 Dei
669 479 799 521 virtus
821 488 862 521 et
878 479 1082 537 passibilis
1103 481 1289 523 materiae
1313 498 1383 523 na-

29 560 143 601 tura,
168 561 366 608 tanquam
389 552 516 592 altera
541 549 591 590 ab
616 550 761 598 altera,
785 563 868 605 quo
892 549 1167 606 indiguerint,
1191 559 1383 594 mutuan-

29 633 114 667 tes.
109 623 124 653 ¹
146 623 250 665 Nam
273 622 305 663 si
328 622 511 662 increata
532 619 705 662 materia
723 651 734 667 ,
742 619 927 660 ·videtu1
949 635 1047 676 ergo
1072 620 1160 661 Deo
1194 623 1383 663 creandae

22 700 209 751 *potestas
234 690 418 734 mateiiae
437 689 638 738 defuisse,
664 697 706 730 et
723 689 774 730 ab
797 704 845 730 ea
872 689 1106 746 operationi
1124 690 1356 748 subjacenti
1363 707 1384 733 a

21 770 229 806 mutuata.
258 761 301 804 Si
324 775 422 803 vero
443 759 718 817 incomposita
735 792 745 808 ,
774 759 931 801 mirum
954 761 1183 804 admodum
1209 770 1384 804 coaeter-

26 847 125 876 nam
149 832 238 874 Deo
267 831 485 873 materiam
513 831 709 872 decorem
741 829 818 871 sibi
846 845 930 871 non
953 831 1139 887 potuisse
1161 833 1350 875 conferre
1371 867 1381 882 ‚

21 918 120 961 quae
142 902 417 945 substantiam
438 916 524 943 non
549 916 569 941 a
594 908 783 942 creatore
810 901 1041 958 acceperit,
1069 903 1142 944 sed
1164 903 1253 945 sine
1276 913 1386 946 tem-

26 988 127 1033 pore
149 974 235 1031 ipsa
258 971 500 1030 possederit.
530 971 628 1013 Plus
650 986 748 1027 ergo
773 971 929 1012 invenit
947 979 1144 1028 operator
1170 973 1357 1015 omnium
1373 1008 1383 1022 ‚

22 1059 156 1102 quam
179 1043 367 1085 contulit.
397 1041 558 1083 Invenit
580 1041 820 1089 materiam,
849 1041 890 1082 in
916 1057 994 1098 qua
1025 1051 1165 1099 posset
1188 1045 1351 1101 operari
1374 1061 1382 1086 :

26 1115 204 1158 contulit
222 1123 359 1156 autem
377 1112 571 1170 figuram,
591 1127 682 1169 quae
701 1113 897 1153 decorem
916 1113 1094 1155 inventis
1117 1114 1243 1156 rebus
1267 1116 1384 1158 affer-

25 1193 100 1228 ret.
129 1186 248 1228 Unde
272 1184 540 1241 excipiendus
563 1198 584 1224 a
607 1182 768 1224 caeteris
794 1191 995 1239 tanquam
1020 1183 1108 1225 dies
1134 1200 1268 1234 unus,
1300 1202 1385 1228 non

22 1254 302 1298 conferendus
329 1269 426 1296 cum
455 1253 612 1295 caeteris
646 1261 846 1309 tanquam
875 1253 962 1294 dies
1000 1253 1159 1310 primus
1183 1262 1270 1304 cst,
1301 1271 1383 1312 quo

25 1324 295 1368 fundamenta
328 1339 470 1366 rerum
493 1322 683 1365 omnium
713 1322 846 1380 posita
862 1354 873 1370 ‚
906 1330 947 1363 et
971 1337 1106 1364 causze
1133 1339 1221 1366 esse
1242 1339 1385 1381 coepe·

25 1404 139 1444 runt,
161 1395 311 1452 quibus
324 1394 470 1436 mundi
485 1393 612 1450 hujus
629 1401 754 1449 atque
775 1393 976 1434 universae
994 1392 1165 1434 visibilis
1184 1403 1386 1435 creaturae

24 1464 126 1508 fulta
164 1465 393 1507 substantia
431 1472 505 1506 est.
544 1463 685 1515 Quare
724 1464 776 1504 ad
814 1462 988 1504 secundi
1027 1463 1108 1505 diei
1145 1464 1386 1506 admiranda

25 1550 151 1593 opera
176 1551 311 1577 sermo
333 1534 452 1577 nobis
474 1535 668 1592 prodeat,
690 1548 872 1589 quorum
889 1533 1115 1574 eminentia
1133 1549 1217 1574 non
1236 1549 1382 1575 secun-

27 1607 126 1648 dum
153 1612 353 1646 tractatus
377 1603 508 1645 nostri
525 1603 841 1660 possibilitatem
860 1618 869 1644 :
892 1605 964 1644 sed
987 1605 1223 1645 secundum
1246 1604 1381 1661 scrip-

27 1676 125 1719 toris
142 1676 376 1723 veritatem,
402 1676 452 1715 ad
469 1675 637 1715 laudem
661 1673 879 1714 reserenda
903 1681 964 1714 est
985 1673 1196 1715 creatoris.

82 1746 153 1788 III.
189 1745 272 1787 Vos
293 1745 419 1802 igitur
440 1758 578 1801 quaeso
595 1777 605 1792 ,
625 1752 671 1784 ut
688 1743 933 1785 naturaliter
951 1743 1172 1791 insinnare,
1200 1759 1291 1800 quae
1312 1745 1377 1787 di-

26 1815 160 1859 cimus
191 1815 486 1874 probabiliter,
520 1829 565 1855 ac
591 1813 770 1871 simplici
803 1821 944 1855 mente
969 1821 1011 1855 et
1039 1815 1183 1856 scdulo
1212 1815 1378 1872 ingenio

17 1901 190 1946 pensare
209 1885 449 1944 dignemini,
469 1900 553 1926 non
569 1886 802 1926 secundum
819 1885 1093 1942 philosophice
1111 1887 1371 1935 traditione&

15 1965 57 2000 et
73 1958 237 1999 inanem
257 1956 545 1999 seductionem
564 1955 747 1997 suasoria
765 1955 1003 1997 verisimilia
1023 1956 1286 2013 colligentes3
1302 1959 1374 2000 sed

16 2030 248 2071 secundum
269 2029 456 2085 regulam
477 2026 682 2075 veritatis,
706 2041 797 2082 quse
813 2027 992 2067 oraculis
1016 2027 1142 2068 divini
1168 2028 1371 2070 sermonis

16 2098 286 2156 exprimitur,
315 2106 357 2139 et
384 2096 737 2154 contemplatione
770 2103 895 2138 tantae
925 2097 1154 2153 majestatis
1180 2097 1369 2142 fidelium

16 2170 255 2227 pectoribus
278 2168 532 2217 infunditur,
559 2168 654 2224 quia
676 2167 879 2224 scriptum
903 2175 965 2209 est
986 2183 995 2209 :
1032 2186 1047 2206 α
1065 2167 1278 2210 Confirma
1300 2185 1369 2212 me

0 2239 87 2300 pin
112 2229 257 2282 verbis·
274 2240 368 2282 tuis.
403 2239 686 2282 Narraverunt
718 2237 821 2279 mihi
851 2237 995 2294 injusti
1021 2238 1365 2296 exercitationes,

0 2301 119 2353 'used
133 2325 219 2352 non
241 2310 348 2352 sicut
369 2311 436 2351 lex
456 2317 543 2357 tua,
567 2307 767 2350 Domine:
783 2307 925 2348 omnia
945 2323 1005 2364 prz
997 2316 1153 2365 ncepta
1173 2316 1240 2350 tua
1256 2308 1368 2367 veri-f

0 2328 134 2422 l»tas¹
143 2412 152 2423 .
176 2399 191 2419 »
214 2380 305 2423 Non
324 2395 422 2437 ergo
435 2380 667 2421 secundum
681 2378 989 2419 elementorum
1013 2386 1197 2426 naturas,
1219 2379 1292 2422 sed
1307 2393 1368 2421 se-

0 2433 202 2507 leundum
225 2450 461 2499 Christum,
486 2450 557 2507 qui
579 2449 718 2491 omnia
744 2463 835 2506 quae
857 2447 989 2490 voluit
1010 2447 1123 2497 fecit,
1149 2448 1367 2493 abundans

16 2521 278 2579 plenitudine
293 2521 531 2564 Divinitatis
554 2535 655 2569 suae,
676 2518 995 2564 consideremus
1018 2533 1109 2577 quae
1125 2518 1367 2568 factasunt,

62 2622 73 2640 ¹
90 2615 172 2650 Psai.
190 2626 308 2653 exvm,
326 2614 383 2654 28,
400 2605 439 2647 85
457 2614 555 2649 et86.

160 2685 240 2713 nv.
1198 2669 1222 2712 5
