1747 3260
524 250 810 278 lllzxAEuERON.
850 252 927 278 mn.
966 252 1002 278 v.
1360 238 1442 281 215

85 339 208 387 atque
224 330 434 387 pullorum
450 329 568 371 aliter
585 328 709 370 etiam
727 327 925 369 formatos
939 343 957 368 a
975 335 1072 368 natu
1081 343 1123 368 ra
1142 329 1284 384 pedes,
1306 330 1444 372 avium

85 414 176 457 quae
194 407 574 447 carnevescuntur‚
592 398 802 441 cernimus
819 399 935 455 quasi
955 397 1148 439 incurvos
1168 407 1291 455 atque
1307 398 1443 441 sinua-

86 479 167 519 tos,
194 485 242 511 ac
272 470 386 511 velut
418 470 471 510 ad
499 470 683 526 praedam
708 476 885 525 paratos.
913 468 982 508 Ere
1007 483 1120 516 vcro,
1150 484 1240 524 qua}
1272 469 1444 510 natandi

84 539 241 581 habent
273 553 396 580 usum
429 546 470 579 et
501 537 867 586 consuetudinem,
905 539 1010 578 latos
1044 537 1201 579 habent
1230 540 1374 595 pedes,
1400 546 1443 580 et

84 610 329 651 membrana
349 609 529 664 quadam
548 607 638 648 illos
652 607 801 664 digitos
819 608 972 664 pedum
992 607 1070 647 sibi
1089 609 1305 664 ccqmlatos
1320 616 1444 663 atquc

85 680 349 736 conjunctos.
377 680 423 719 In
447 694 529 735 quo
553 678 808 720 admirabilis
833 686 946 735 patet
978 678 1081 722 ratio
1106 687 1288 726 naturae3
1324 686 1368 719 ut
1400 685 1443 719 et

86 751 163 792 illae
181 751 233 791 ad
248 750 473 791 volandum
490 750 553 790 vc]
574 749 624 789 ad
642 749 889 805 rapiendum
908 749 971 790 cib
981 764 1049 789 um
1069 765 1146 790 usu
1164 750 1441 790 accommodo

84 820 325 867 fulciantur,
350 827 392 860 et
416 818 503 860 istae
527 820 578 859 ad
600 820 827 860 natandum
852 819 1095 875 adjumenta
1119 820 1301 860 habeant
1325 834 1445 859 coin-

86 890 288 948 petentIa,
315 905 398 946 quo
419 889 568 930 melius
589 889 706 945 aquis
734 889 892 945 possint
925 897 1216 945 supernatare,
1254 898 1294 930 et
1327 888 1445 944 quasi

87 960 212 1001 remis
236 959 503 1014 quibusdam,
524 958 577 999 ita
600 959 777 1015 pedibus
800 958 883 999 suis
908 960 1163 999 mcmbranae
1181 958 1289 998 illius
1305 966 1444 999 exten-

88 1030 202 1071 sione
226 1028 441 1070 latioribus
469 1043 671 1084 aquarum
696 1026 849 1070 fluenta
873 1030 1129 1085 propulsent.

145 1098 317 1142 LXXV.
355 1099 524 1156 Cygnus
544 1114 711 1155 quoque
736 1114 812 1140 cur
833 1098 1076 1156 proceriore
1100 1099 1208 1139 collo
1237 1106 1378 1139 utatur
1402 1098 1445 1138 in

90 1178 287 1227 promptu
318 1179 401 1218 est3
441 1178 485 1210 ut
518 1170 613 1225 quia
636 1178 695 1210 est
721 1170 937 1225 paululum
961 1167 1127 1225 segnior
1150 1183 1341 1224 corpore,
1368 1181 1447 1208 noc

89 1238 209 1280 facile
232 1247 367 1296 potest
391 1254 592 1295 aquarum
614 1238 808 1288 inferiora
826 1247 1061 1296 penetrare,
1085 1238 1289 1279 cervicem
1309 1245 1449 1278 exton-

92 1310 162 1350 dat
186 1310 237 1350 ad
257 1310 463 1366 praedam,
491 1324 582 1365 quae
609 1309 725 1365 quasi
746 1309 894 1366 praevia
925 1309 1074 1365 reliqui
1099 1308 1286 1365 corporis
1308 1321 1448 1348 escam

91 1393 214 1434 quam
249 1379 468 1427 invenerit,
502 1379 649 1435 rapiat,
683 1388 805 1435 atque
829 1387 948 1420 eruat
970 1395 992 1420 e
1017 1380 1236 1436 profundo.
1268 1377 1385 1419 Adde
1407 1384 1450 1418 ct

90 1446 209 1496 illud,
234 1448 327 1504 quia
350 1448 514 1489 suavior
534 1456 575 1489 et
598 1448 726 1505 magis
751 1464 928 1490 canorus
952 1465 1025 1505 per
1053 1464 1226 1506 procera
1250 1449 1447 1488 modulus

95 1519 198 1559 colla
223 1517 507 1575 distinguitur,
539 1526 580 1559 et
607 1518 794 1574 longiore
826 1519 1126 1560 exercitatione
1157 1518 1300 1575 purior
1327 1518 1450 1573 longe

95 1589 280 1644 resultat.

156 1655 346 1699 LXXVI.
379 1658 517 1709 Quam
547 1658 679 1699 dulcis
710 1654 845 1700 etiam¹
865 1658 905 1699 in
923 1659 1072 1715 exiguo
1104 1658 1258 1699 cicadis
1287 1665 1454 1714 gutture

98 1727 304 1768 cantilena
319 1760 328 1775 ,
349 1743 526 1784 quarum
551 1728 744 1770 cautibus
767 1728 906 1769 medio
928 1737 1031 1769 cestu
1057 1729 1224 1769 arbusta
1248 1742 1454 1784 rumpun-

101 1805 182 1845 tur,
205 1812 253 1838 co
272 1799 383 1853 quod
406 1798 536 1855 magis
561 1813 723 1839 canorce
751 1798 989 1839 meridianis
1014 1798 1223 1839 caloribus
1238 1829 1249 1845 ,
1271 1813 1353 1852 quo
1376 1812 1455 1853 pu-

99 1867 255 1909 riorem
292 1872 430 1909 aerem
463 1868 505 1910 id
540 1869 739 1926 temporis
770 1868 986 1910 attrahunt
1017 1868 1190 1924 spiritu,
1227 1882 1276 1907 co
1309 1874 1455 1907 cantus

101 1946 298 1980 resonant
326 1939 534 1981 clariores.
578 1938 665 1981 Nec
693 1954 790 1996 apes
823 1939 919 1995 ipsae
954 1939 1123 1979 insuave
1159 1937 1359 1993 quiddam
1387 1950 1459 1976 ca—

101 2016 208 2050 nunt
216 2025 227 2056 3
242 2008 399 2050 habent
412 2009 524 2050 enim
537 2017 698 2067 gratam
719 2009 760 2050 in
777 2024 904 2051 rauco
923 2009 992 2049 illo
1013 2008 1123 2049 vocis
1142 2023 1224 2048 sua·
1243 2019 1460 2046 murmure

104 2078 379 2127 suavitatem,
407 2094 533 2135 quam
559 2095 637 2121 nos
666 2079 799 2122 fracto
823 2080 1019 2121 tubarum
1044 2078 1181 2120 sonitu
1202 2077 1354 2118 lentius
1376 2075 1462 2132 pri-

104 2163 223 2190 mum
253 2149 444 2190 videmur
470 2150 645 2199 imitari,
670 2166 753 2206 quo
776 2150 939 2206 crepitu
966 2151 1015 2190 ad
1038 2149 1280 2190 excitandos
1303 2146 1462 2187 animos

93 2218 150 2269 *in
170 2219 355 2276 vigorem
377 2219 481 2261 nihil
505 2221 638 2277 aptius
658 2220 900 2262 aestimatur.
932 2221 984 2261 Et
1009 2219 1098 2261 haec
1126 2219 1202 2259 illis
1225 2217 1354 2276 gratia
1380 2230 1466 2257 ma-

107 2297 198 2338 net,
224 2304 320 2330 cum
346 2292 588 2347 pulmonem
608 2291 923 2348 respirandique
939 2305 1093 2331 munus
1113 2298 1237 2345 atque
1256 2302 1377 2328 usum
1398 2300 1469 2326 ne-

56 2387 61 2390 ·
110 2375 321 2416 quaquam
357 2360 510 2402 habere
550 2363 804 2418 prodantur3
835 2363 908 2404 sed
944 2361 1054 2403 aerio
1090 2359 1201 2401 vesci
1225 2356 1462 2414 spiramine.

109 2428 302 2486 Denique
334 2430 366 2471 si
390 2431 482 2487 quis
506 2447 575 2473 eas
590 2431 875 2488 superfundat
894 2432 1015 2479 oleo,
1036 2444 1218 2486 'propere
1239 2434 1466 2490 uocantum

113 2512 164 2539 eo
192 2501 308 2555 quod
338 2500 564 2543 obstructis
600 2501 713 2559 poris
742 2501 901 2542 aerium
920 2500 1143 2557 :spiramen
1173 2499 1278 2539 fflud
1305 2496 1474 2538 haurire

112 2582 198 2610 non
213 2570 374 2626 possint
395 2585 404 2612 :
424 2570 712 2628 continuoque
735 2571 767 2612 si
790 2571 884 2626 quis
907 2578 1073 2612 acetum
1097 2569 1160 2611 his
1184 2565 1472 2624 superfundat,
