1747 3260
516 232 803 260 nExAmmnon.
844 234 922 260 Lm.
963 233 1016 260 iv.
1363 225 1444 281 147

85 323 179 353 rum
210 316 307 350 utor
337 308 659 356 assertionibus,
687 323 740 349 ne
763 309 950 365 ignorata
973 308 1103 366 magis
1135 325 1260 366 quam
1292 328 1445 357 vacue-

83 379 193 422 sacta
211 386 335 434 atque
347 379 558 420 destructa
581 392 653 419 sua
669 386 910 435 argumenta
929 388 1274 423 commemorent.
1298 382 1440 439 Itaque

84 464 184 492 cum
212 449 329 490 illum
350 464 526 506 vagum,
557 450 824 504 celeremque
850 456 1013 489 motum
1035 464 1118 489 non
1145 459 1298 506 queant
1321 467 1442 494 com-

83 512 372 577 prehendere,
398 533 504 576 saepe
533 517 580 559 fit
602 526 648 558 ut
671 533 744 575 per
773 517 887 559 illam
910 518 1054 574 puncti
1084 526 1126 559 et
1152 522 1354 563 momenti
1376 522 1442 564 in-

82 588 475 645 comprehensibilis
498 588 771 629 subtilitatem
795 595 952 645 ponant
975 587 1153 630 benefici
1177 590 1280 648 signi
1304 607 1444 650 aspec-

85 665 195 706 tum,
224 658 295 700 ubi
318 659 452 716 gravis
478 666 603 714 atque
628 657 812 699 nocituri
837 658 1027 698 incurrat
1047 658 1233 703 offensio.
1269 662 1320 703 Et
1343 665 1444 720 quid

82 727 239 771 mirum
262 728 293 769 si
311 728 368 770 ibi
384 729 589 770 luduntur
605 727 819 776 homines,
841 727 914 768 ubi
937 727 1051 784 signa
1074 728 1238 771 innoxia
1253 730 1445 790 blasphe-

85 798 281 840 mantur?
305 799 410 850 Quae
440 799 470 840 si
496 806 646 840 natura
670 797 792 839 noxia
814 813 903 839 esso
926 799 1172 847 creduntur,
1208 800 1318 842 Deus
1345 818 1443 860 crgo

90 884 278 910 summus
307 869 509 926 arguitur,
532 868 565 910 si
582 868 681 910 fecit
707 869 816 924 quod
840 869 997 909 malum
1019 877 1102 917 est,
1132 877 1173 911 et
1194 870 1271 912 suit
1293 872 1446 930 impro-

88 939 229 980 bitatis
251 948 457 996 operator.
484 939 526 980 Si
546 953 642 979 vero
661 953 711 979 ex
728 953 800 999 sua
818 939 1029 978 voluntate
1046 946 1246 995 putantur
1263 955 1447 999 assump-

90 1009 191 1050 sisse
222 1010 337 1065 quod
371 1015 519 1049 noceat
555 1007 790 1049 insontibus
820 1015 862 1048 et
889 1007 1043 1048 nullius
1079 1008 1217 1049 adhuc
1253 1009 1447 1053 facinoris

90 1078 258 1136 pessimi
283 1077 359 1119 sibi
392 1077 595 1125 consciis,
628 1077 780 1133 quihus
818 1092 940 1134 perna
976 1077 1198 1119 ascribitur
1226 1088 1450 1136 antequam

91 1149 237 1205 culpa;
262 1147 362 1203 quid
380 1156 467 1188 tam
490 1146 801 1195 irrationabile,
823 1148 936 1203 quod
957 1147 1082 1188 etiam
1102 1148 1449 1193 irrationabilium

90 1218 318 1261 bestiarum
350 1219 524 1260 excedat
547 1218 850 1259 immanitatem
867 1250 877 1266 ,
900 1225 946 1258 ut
966 1233 1065 1259 usus
1088 1218 1244 1261 fraudis
1269 1229 1338 1263 aut
1361 1237 1450 1278 gra-

86 1288 158 1329 tiae
174 1303 257 1328 non
271 1288 429 1329 meritis
448 1287 666 1329 hominum
685 1290 925 1345 deputetur,
947 1287 1019 1328 scd
1039 1288 1252 1345 signoruni
1266 1290 1448 1332 motibus

92 1357 331 1399 deferatur?
350 1358 481 1407 nihil,
503 1358 636 1415 inquit
653 1391 663 1407 ,
685 1358 752 1400 ille
773 1358 969 1414 deliquit,
989 1360 1060 1400 sed
1077 1360 1198 1400 noxia
1215 1375 1312 1401 eum
1333 1364 1451 1404 stella

91 1428 319 1484 conspexit.
347 1428 517 1478 Saturni
540 1428 576 1469 ei
598 1428 711 1469 sidus
734 1428 919 1469 occurrit
939 1443 948 1468 ε
971 1428 1117 1470 avertit
1140 1445 1181 1470 se
1203 1432 1420 1486 paululum
1437 1464 1447 1480 ‚

89 1505 132 1539 et
152 1513 384 1539 aerumnam
407 1500 463 1540 ab
483 1514 526 1540 se
549 1499 742 1548 abstulit,
770 1506 811 1539 et
836 1498 995 1539 crimen
1019 1499 1206 1542 absolvit.

148 1567 301 1610 XVIII.
341 1568 425 1610 Sed
458 1568 546 1610 liaec
570 1584 717 1610 eorum
752 1568 950 1625 sapientia
980 1569 1072 1610 telce
1094 1585 1254 1612 araneae
1278 1587 1450 1630 compa-

91 1646 225 1687 ratur,
245 1638 287 1679 in
310 1654 435 1694 quam
454 1639 485 1680 si
503 1641 624 1681 culex
641 1647 712 1680 aut
734 1654 878 1680 musca
895 1638 1112 1688 inciderit,
1133 1656 1284 1682 exuere
1306 1657 1348 1684 se
1367 1658 1451 1684 non

89 1716 227 1766 potest
247 1723 255 1750 z
276 1709 308 1749 si
327 1724 422 1750 vero
443 1709 692 1751 validiorum
711 1709 986 1751 animantium
1009 1711 1139 1751 ullum
1163 1726 1293 1767 genus
1312 1712 1452 1754 incur-

92 1779 193 1820 risse
215 1779 347 1820 visum
374 1787 463 1828 est,
485 1779 776 1837 pertransivit,
803 1788 844 1821 et
867 1794 1001 1821 casses
1024 1780 1138 1837 rupit
1158 1780 1366 1831 infirmos,
1394 1792 1451 1825 at-

91 1851 326 1907 queinanes
342 1852 512 1907 laqueos
531 1851 754 1908 dissipavit.
773 1851 886 1904 Talia
905 1859 1000 1893 sunt
1018 1852 1120 1894 retia
1134 1852 1447 1904 Chaldaeorum,

91 1929 138 1962 ut
168 1921 209 1962 in
242 1920 305 1962 his
338 1920 493 1962 infirmi
522 1921 731 1970 h-aereant,
765 1921 987 1963 validiores
1018 1938 1142 1963 sensu
1175 1923 1449 1967 offensionem

92 1991 248 2034 habere
281 2007 363 2033 non
386 1992 556 2049 possint.
586 1993 730 2048 Itaque
754 2008 844 2048 vos,
869 1993 940 2048 qui
962 1992 1183 2034 validiores
1205 1994 1326 2043 estis,
1353 2010 1450 2037 cum

90 2060 276 2103 videritis
292 2062 612 2104 mathematicos
628 2095 638 2111 ‚
659 2062 785 2104 dicite
805 2077 814 2104 :
832 2080 846 2100 «
863 2063 1005 2104 Telum
1026 2078 1187 2105 araneae
1206 2072 1449 2116 texuerunt,

93 2143 185 2187 quae
212 2146 289 2172 nec
317 2147 438 2173 usum
464 2133 644 2189 aliquem
669 2141 805 2190 potest
826 2133 981 2175 habere
997 2166 1006 2181 ,
1032 2149 1109 2175 nec
1132 2134 1322 2185 vincula,
1349 2136 1383 2177 si
1410 2145 1455 2179 tu

93 2215 177 2244 non
195 2202 309 2257 quasi
330 2204 451 2244 culex
463 2211 532 2245 aut
551 2218 696 2244 musca
716 2204 833 2260 lapsu
851 2211 932 2245 tuae
951 2203 1204 2247 infirmitatis
1227 2206 1415 2261 incurras
1436 2223 1446 2250 ε

44 2327 48 2337 ,
95 2271 167 2312 sed
188 2272 305 2327 quasi
343 2288 486 2330 passer
519 2283 590 2314 aut
626 2274 820 2315 columba
856 2288 991 2315 cassos
1028 2273 1228 2317 invalidos
1257 2279 1453 2335 praepetis

93 2342 254 2383 volatus
278 2343 491 2385 celeritate
515 2342 725 2386 dissolvas.
741 2344 936 2387 »Etenim
959 2345 1050 2401 quis
1072 2346 1343 2403 prudentium
1357 2364 1451 2391 cre-

94 2411 163 2453 dat
186 2414 300 2468 quod
321 2413 534 2470 signorum
552 2422 690 2456 motus
705 2448 715 2464 ‚
742 2415 812 2472 qui
827 2416 879 2457 ad
896 2416 1008 2458 diem
1027 2431 1134 2474 saepe
1155 2425 1391 2470 mutantur,
1411 2428 1453 2464 et:

94 2481 386 2539 multipliciter
403 2483 444 2524 in
463 2499 505 2525 se
518 2492 758 2534 recurrunt,
777 2485 952 2543 insignia
966 2485 1155 2530 deserant
1167 2496 1423 2546 potestatum
1436 2492 1459 2531 ⁴?

95 2550 201 2599 Nam
224 2553 258 2597 si
278 2553 333 2599 ita
351 2562 483 2606 esset,
504 2563 669 2614 quanta>
688 2556 740 2601 ad
753 2555 864 2601 diem
878 2556 1081 2615 regalium
1098 2557 1458 2604 nativitatem-ex-

1209 2646 1275 2676 10.
