1742 3233
309 288 393 331 580
853 302 882 329 s.
922 302 1109 330 numosu

308 381 387 423 Ubi
409 395 507 423 vero
532 379 789 421 deflectionis
808 380 1004 437 ambiguo
1026 379 1208 435 quodam
1232 386 1356 434 atque
1378 378 1564 420 anfractu
1587 378 1655 420 ab·

307 453 482 499 solutus,
502 458 637 491 rectas
654 449 855 492 virtutum
874 449 1039 491 semitas
1058 447 1265 489 continuis
1284 447 1429 490 animae
1449 463 1531 490 suae
1549 456 1656 505 gres-

305 521 418 562 sibus
445 520 571 577 coepit
589 535 777 577 carpere,
802 519 844 560 in
867 534 1035 560 omnem
1051 526 1206 560 terram
1226 532 1439 574 possessor
1456 517 1651 565 mittitur,

304 600 427 647 atque
446 590 598 632 dicitur
615 591 653 631 ei
675 605 683 631 :
702 608 717 628 «
741 590 873 645 Surge
889 622 899 637 ,
919 598 961 630 et
975 588 1221 645 perambula
1237 596 1392 629 terram
1414 587 1456 628 in
1472 586 1655 643 longitu-

301 681 316 701 »
333 662 496 709 dine1n3
514 661 609 717 quia
630 660 703 701 tibi
724 660 832 701 dabo
853 674 967 707 eam,
989 667 1030 700 et
1047 659 1194 699 semini
1210 666 1282 699 tuo
1300 657 1343 698 in
1358 665 1563 699 aeternum
1580 655 1610 697 ¹.
1629 674 1644 695 >1

300 732 408 787 Ergo
425 731 495 786 qui
514 729 759 786 sapientiam
779 728 996 775 meruerit,
1017 736 1058 768 et
1079 742 1163 768 non
1185 727 1310 768 fuerit
1333 726 1494 767 ancillae
1515 724 1625 766 filius
1640 757 1651 773 ,

299 815 383 840 non
405 799 568 856 peccati
590 813 756 846 servus,
782 813 867 839 non
895 797 1148 838 successioni
1171 796 1305 837 carnis
1328 795 1554 843 obnoxius3
1581 795 1654 836 sed

298 870 456 917 liberae,
477 869 619 917 idest,
640 867 750 908 Sarte
772 854 880 908 illius
902 881 985 908 non
1006 866 1241 913 servientis,
1266 867 1340 908 sed
1361 864 1651 922 principantis,

299 940 421 979 bonze
440 937 732 994 stirpis‚bonae
751 936 915 984 indolis,
941 936 1134 992 perfecta}
1155 935 1276 977 titulo
1294 934 1457 987 virtutis
1473 933 1655 976 haeretli-

301 1018 427 1051 tatem
438 1007 626 1065 acquiret
634 1006 928 1061 universitatis.
947 1006 1111 1047 Dicitur
1120 1020 1218 1061 ergo
1229 1004 1426 1052 Abrahae,
1442 1022 1457 1043 α
1469 1003 1613 1060 Surge.
1629 1021 1644 1041 n

301 1079 394 1121 Non
417 1079 680 1135 corporalem
706 1076 1055 1118 assurrectionem
1074 1074 1293 1132 significat,
1310 1076 1382 1115 sed
1400 1073 1626 1130 spiritalem
1643 1107 1653 1122 ,

299 1150 379 1191 hoc
404 1158 467 1191 est
493 1164 500 1190 ε
520 1167 534 1186 κ
554 1149 686 1205 Surge
702 1147 783 1203 qui
807 1145 988 1187 dormis²
1008 1178 1018 1194 ,
1043 1161 1194 1203 »surge
1217 1161 1239 1187 a
1261 1145 1460 1193 terrenis,
1489 1158 1612 1201 surge
1634 1159 1655 1184 a

296 1219 599 1276 corporalibus,
620 1218 809 1272 relinque
829 1225 1010 1264 terrena,
1036 1217 1191 1256 coelum
1212 1215 1372 1273 aspice;
1400 1215 1484 1256 «Et
1503 1228 1656 1270 exurge

297 1308 311 1326 »
347 1304 367 1329 a
393 1287 589 1334 mortuis,
610 1305 624 1325 »
640 1286 720 1327 hoc
744 1293 829 1332 est,
854 1284 1123 1342 opinionibus
1142 1283 1256 1325 vanis
1274 1317 1284 1332 ‚
1308 1291 1350 1324 et
1368 1283 1656 1339 disputationi-

295 1358 375 1398 bus
403 1357 711 1398 Chaldaeorum.
741 1355 909 1396 Intuere
936 1354 1169 1401 mundum,
1198 1352 1362 1394 intuere
1383 1351 1510 1394 etiam
1534 1351 1652 1393 illum

296 1426 366 1481 qui
384 1434 520 1483 potest
535 1433 670 1466 totum
690 1425 845 1466 donare
866 1425 1086 1465 mundum.
1105 1423 1152 1463 In
1164 1422 1486 1479 possessionem,
1502 1419 1653 1477 inquit,

297 1495 371 1536 tibi
389 1495 496 1536 dabo
514 1495 721 1535 mundum
736 1526 745 1541 ‚
765 1508 890 1549 quem
909 1493 1046 1534 Deum
1066 1499 1161 1533 ante
1183 1491 1399 1533 credebas.

355 1564 443 1606 XL.
464 1583 479 1601 «
509 1564 757 1605 Perambula
780 1571 936 1604 terram
963 1562 1004 1603 in
1022 1561 1328 1619 longitudinem
1350 1560 1440 1617 ejus
1458 1567 1499 1601 et
1522 1559 1658 1602 latitu-

301 1653 315 1672 »
331 1634 482 1675 dIncm.
511 1653 526 1672 »
542 1634 696 1690 Utique
713 1633 820 1674 intra
841 1641 1105 1674 momentum
1129 1641 1283 1673 terram
1301 1632 1423 1673 istam
1439 1631 1657 1673 Persarum

299 1704 568 1745 interclusam
590 1703 791 1761 imperiis,
819 1703 868 1744 ab
891 1703 1018 1744 Indiae
1040 1717 1205 1758 quoque
1235 1702 1450 1744 littoribus
1473 1702 1525 1742 ad
1547 1701 1659 1742 Her-L

297 1775 402 1816 culis
418 1808 426 1823 ‚
450 1783 494 1816 ut
512 1775 647 1823 aiunt,
668 1776 884 1816 columnas
899 1807 908 1822 ‚
933 1775 998 1816 vel
1018 1773 1244 1816 Britanniae
1261 1782 1446 1831 extrema
1469 1770 1657 1819 confinia

299 1860 383 1885 non
406 1845 540 1901 potuit
562 1846 868 1902 perambulare.
894 1844 945 1886 Et
964 1844 1099 1902 potuit
1121 1845 1236 1900 quasi
1259 1843 1479 1885 indevotus
1503 1831 1656 1889 videri,

299 1916 369 1972 qui
388 1917 545 1958 coelcsti
570 1918 739 1957 oraculo
766 1931 849 1957 non
871 1915 1098 1963 obedisset,
1119 1913 1152 1955 'si
1171 1915 1375 1956 obeundae
1395 1912 1520 1969 hujus
1539 1920 1658 1954 terrae

297 1987 545 2027 mandatum
567 1986 794 2043 accepisset
815 2000 824 2026 ε
846 1986 918 2026 sed
941 1999 1038 2026 cum
1062 1984 1114 2025 sit
1134 1984 1224 2039 ejus
1259 1983 1424 2025 devotio
1453 1982 1625 2040 probata
1645 1998 1655 2030 ;

299 2055 394 2111 quia
413 2057 465 2097 ad
481 2071 684 2111 quercum
701 2057 994 2096 tantummodo
1018 2055 1206 2098 Mambre
1229 2055 1500 2096 transtulerat
1526 2053 1659 2094 taber-

300 2126 499 2166 naculum
517 2124 548 2173 ³,
569 2126 713 2181 utique
729 2134 900 2173 terram,
917 2125 998 2166 hoc
1016 2132 1092 2173 est,
1113 2124 1312 2166 virtutem
1329 2138 1551 2181 possumus
1567 2137 1658 2180 per-

302 2193 455 2236 fectam
478 2195 730 2252 intelligere,
758 2210 848 2252 quae
869 2195 1003 2236 bonos
1026 2193 1188 2236 fructus
1211 2181 1352 2243 daret,
1381 2202 1423 2236 et
1443 2193 1658 2236 foecundas

303 2262 564 2306 inventiones
579 2298 590 2314 ‚
627 2264 1012 2322 cogitationumque
1043 2265 1246 2321 primitias
1264 2297 1274 2313 ,
1297 2265 1546 2307 meritorum
1565 2263 1658 2306 vin-

302 2335 510 2384 demiam,
535 2335 767 2384 frumento,
800 2335 896 2377 vino
923 2343 965 2377 et
993 2336 1084 2376 oleo
1118 2336 1298 2392 repleret
1320 2334 1561 2376 interiorem
1589 2334 1658 2375 do-

302 2420 419 2447 mum
434 2438 444 2454 ,
478 2414 632 2448 terram
653 2405 971 2448 resurrectionis
995 2420 1121 2461 quam
1139 2405 1332 2462 promisit
1355 2403 1545 2462 patribus
1565 2418 1657 2446 nos-

302 2474 376 2516 tris
399 2474 601 2518 ssuentem
634 2477 698 2519 lac
724 2476 869 2518 etmel
897 2474 931 2523 ¹⁴,
959 2474 1208 2517 suavitatem
1235 2474 1353 2526 vitae,
1383 2472 1656 2532 jucunditatis

351 2591 360 2606 ¹
383 2582 464 2616 Gen.
492 2593 574 2624 xm,
608 2594 656 2627 ¹7·
679 2602 718 2610 —
745 2595 757 2610 ²
786 2583 903 2628 Ephes.
930 2593 962 2623 v,
994 2584 1041 2622 14.
1067 2602 1108 2610 ·-
1137 2585 1151 2608 ³
1180 2583 1265 2620 Gen.
1287 2594 1361 2625 xm,
1384 2582 1437 2617 18.
1460 2579 1656 2627 —3E10d0

305 2648 368 2678 ιιι,
399 2649 449 2681 ¹7·
