1747 3260
425 291 753 322 MEDIOLANENSIS
786 291 1011 320 muscoprs.
1344 295 1359 321 1
1371 279 1394 323 3

38 383 142 424 tem
171 369 506 422 humiliando
536 370 649 419 Deo
678 368 907 418 animam
932 378 1088 418 tuam.
1117 369 1292 420 Homo
1322 389 1394 435 es,

38 465 91 505 et
132 453 232 504 tibi
272 453 418 503 venit
457 450 707 514 tentati03
751 450 902 500 vince.
944 468 1072 500 eam.
1113 452 1394 502 Peccatum

38 555 147 588 non
176 535 398 601 tollitur,
424 534 525 584 nisi
555 532 796 601 lacrymis
833 542 882 582 et
922 533 1249 601 poenitentia.
1288 535 1396 585 Nec

40 618 276 686 Angelus
314 627 513 686 potest,
551 634 648 666 nec
695 614 1089 683 Archangelus3
1135 616 1397 668 Dominus

39 700 153 769 ipse
167 700 260 768 qui
274 699 415 750 solus
432 709 605 768 potest
627 696 802 748 dicere
817 716 826 746 :
841 698 961 767 Ego
979 698 1247 749 vobiscum
1258 719 1389 751 sanz.

41 782 95 833 Si
124 781 543 850 peccaverimus,
581 780 683 829 nisi
715 778 1083 848 poenitentiam
1115 778 1398 832 deferenti-

41 862 144 914 bus
171 881 280 913 non
308 861 519 912 relaxat.
551 860 777 925 Suadeo,
808 879 956 928 rogo,
987 862 1190 928 hortor,
1219 861 1401 914 admo-

42 964 173 1009 neo3
212 945 336 1014 quia
377 943 550 995 dolori
591 955 667 993 est
703 943 859 1009 mihi,
895 954 953 993 ut
982 955 1038 994 tu
1068 946 1158 1015 qui
1190 947 1399 1015 pietatis

44 1025 298 1078 inauditae
328 1026 626 1095 exemplum
658 1043 793 1091 eras,
822 1026 913 1095 qui
942 1028 1146 1096 apicem
1177 1029 1401 1082 clemen-

44 1110 130 1160 tiae
169 1107 403 1174 tenebas,
430 1109 524 1178 qui
555 1108 793 1176 singulos
824 1121 1074 1161 nocentes
1104 1131 1212 1163 non
1242 1115 1405 1184 patie-

43 1190 186 1242 baris
217 1190 523 1260 periclitari,
551 1201 629 1241 tot
659 1191 877 1260 periisse
908 1211 1013 1243 non
1046 1191 1222 1246 doleas
1250 1197 1404 1248 inno-

46 1286 277 1326 centes...
325 1274 437 1341 Ego
474 1291 682 1323 causam
723 1273 779 1323 in
815 1284 867 1325 te
908 1277 1254 1328 contumaciae
1294 1298 1404 1329 non

46 1357 238 1422 habeo,
267 1355 359 1407 sed
386 1356 591 1407 timoris
615 1375 624 1406 ε
654 1356 847 1406 offerre
878 1376 987 1407 non
1014 1356 1186 1409 audeo
1214 1361 1408 1412 sacrifi-

48 1442 209 1505 cium,
240 1440 283 1490 si
313 1439 543 1489 volueris
573 1439 829 1490 assistere.
870 1440 954 1489 An
985 1438 1132 1510 quod
1160 1441 1214 1491 in
1246 1443 1407 1494 unius

49 1523 350 1574 innocentis
389 1521 646 1589 sauguine
679 1539 788 1571 non
824 1520 972 1588 licet,
1016 1521 1071 1572 in
1116 1524 1409 1576 multorum

46 1605 239 1656 licetP»
264 1605 448 1675 (Epist.
479 1623 544 1664 LI,
573 1602 652 1653 ad
678 1602 928 1655 leeoclos.
963 1626 1013 1656 n.
1051 1604 1094 1657 5.
1114 1638 1184 1644 ——
1203 1609 1305 1676 12.)

122 1685 483 1737 Mediolanum
506 1684 672 1736 redux
688 1684 1023 1751 Ambrosius,
1045 1709 1067 1734 (ε
1090 1688 1407 1758 Imperatori

51 1787 198 1820 more
246 1768 402 1819 solito
447 1767 514 1818 ad
549 1767 836 1818 Ecclesiam
871 1768 1107 1819 venienti
1150 1774 1408 1839 processit

52 1863 196 1902 extra
230 1849 581 1914 vestibulum,
621 1861 671 1899 et
706 1868 734 1899 a
765 1850 899 1900 sacri
938 1850 1135 1903 liminis
1169 1853 1412 1922 ingressu

54 1952 171 1984 eum
207 1930 488 2002 prohibuit
520 1931 601 1981 his
629 1931 838 1982 verbis:
870 1932 1116 2001 Ignoras,
1157 1947 1215 1986 ut
1253 1949 1414 2006 puto,

59 2015 371 2084 Imperator,
391 2025 705 2083 perpetratae
726 2013 819 2065 abs
838 2025 887 2065 te
909 2014 1064 2067 caedis
1087 2019 1416 2088 gravitatem,

62 2107 113 2147 et
163 2096 343 2146 furore
384 2094 490 2163 jam
536 2094 735 2161 sedato7
776 2095 1018 2147 noudum
1067 2100 1202 2151 ratio
1248 2102 1418 2155 scelus

65 2176 213 2248 quod
236 2175 523 2227 admissum
546 2189 622 2228 est
643 2177 914 2229 intellexit.
935 2179 1128 2232 Obstat
1148 2181 1288 2234 enim
1313 2184 1422 2235 for-

65 2270 199 2312 tasse
227 2259 513 2329 imperialis
542 2260 798 2329 potentia,
829 2262 1118 2330 quominus
1147 2276 1424 2333 peccatum

67 2360 337 2411 agnoscas,
368 2353 418 2392 et
448 2342 643 2392 rationi
665 2341 910 2393 tenebras
938 2343 1175 2396 offundit
1196 2347 1424 2401 licentia.

67 2423 324 2474 Naturam
353 2434 528 2473 tamen
556 2435 793 2493 spectare
820 2437 1032 2494 oportet
1059 2445 1178 2497 quae
1206 2428 1429 2499 caduca,

71 2506 337 2576 mortique
364 2505 616 2573 obnoxia,
646 2518 696 2558 et
727 2507 1057 2578 primitivum
1089 2510 1378 2580 pulverem,
1401 2533 1429 2567 e

71 2604 182 2658 quo
217 2588 320 2640 orti
362 2607 543 2640 sumus
581 2600 632 2641 et
669 2590 724 2641 in
760 2609 921 2661 quem
958 2591 1290 2647 resolvimur.
1322 2597 1433 2649 Nec
