1742 3233
356 285 439 336 546
896 297 927 324 s.
965 295 1155 324 AMBnosn

347 379 421 420 bat
437 386 576 433 autem
587 375 628 418 in
640 375 759 417 terris
773 374 1121 417 Chananaeorum,
1135 387 1185 413 ex
1198 385 1279 428 quo
1295 386 1448 429 genere
1465 371 1696 430 legitimam

353 447 660 490 successionem
677 446 754 487 sihi
771 460 956 502 quaerere
972 443 1167 500 fugiebat.

408 517 626 559 LXXXII.
675 516 752 557 «Et
767 515 930 557 vocavit
946 527 1124 570 puerum
1142 511 1348 552 seniorem
1366 513 1514 553 domus
1532 510 1659 560 suae¹,
1671 529 1686 550 ιι

349 596 390 629 et
411 587 513 629 dixit
532 587 569 628 ei
587 594 634 627 ut
649 586 727 627 iret
745 586 787 626 in
805 585 1023 629 Charram,
1048 590 1089 622 et
1114 582 1164 622 (le
1196 581 1392 638 proximis
1418 580 1501 622 suis
1526 595 1700 621 uxorem

346 666 508 715 peteret
522 656 677 713 juniori
700 655 869 696 domino
888 668 974 695 suo.
997 651 1120 694 Disce
1136 651 1234 692 hinc
1253 652 1365 707 quod
1383 650 1509 692 ctiam
1525 649 1700 691 senioris

347 728 478 769 oetatis
504 725 654 767 servuli
688 724 806 781 pueri
835 723 1026 764 dicantur
1051 736 1072 762 a
1096 719 1290 768 dominis,
1323 721 1390 761 vel
1417 734 1438 759 a
1465 719 1701 775 quibusque

348 795 595 854 potioribus.
618 794 737 836 [nde
755 801 796 834 et
813 792 983 848 quidam
998 791 1125 832 Poeta
1142 790 1223 831 hoc
1241 789 1502 844 sequendum
1517 787 1697 844 putavit:

350 867 435 908 sive
459 866 501 907 in
519 878 666 906 eorum
681 878 760 903 usu
781 861 851 918 qui
867 861 943 902 sibi
967 859 1080 901 docti
1102 867 1143 900 et
1167 859 1372 916 sapientes
1388 857 1595 905 videntur,
1615 857 1702 914 ipse

349 936 431 978 hoc
449 934 605 992 reperit
621 948 629 974 :
657 932 741 974 sive
758 932 809 973 de
826 930 977 973 nostris
996 930 1081 987 ipse
1097 929 1333 970 transtulit:
1355 928 1439 970 sive
1454 928 1701 969 translatum

349 1004 507 1046 invenit
528 1019 536 1045 :

566 1102 701 1139 Pascite.
715 1107 751 1134 ut
762 1108 836 1134 ante
851 1102 960 1140 boves,
976 1099 1065 1142 pueri
1081 1111 1088 1131 :
1110 1099 1288 1132 submittite
1301 1104 1444 1131 taur052.

351 1198 453 1240 Inde
469 1206 510 1239 et
525 1213 676 1255 pueros
694 1198 889 1245 dicimus,
909 1196 1078 1253 quando
1097 1195 1281 1236 servulos
1300 1192 1600 1252 significamus,
1619 1207 1704 1234 non

351 1276 516 1310 :etatem
538 1267 831 1324 exprimentes,
858 1267 930 1307 sed
956 1264 1254 1306 conditionem.

410 1336 649 1380 LXXXIII.
687 1336 869 1378 Adverte
894 1349 1007 1376 nunc
1035 1334 1209 1375 virtutes
1247 1333 1347 1374 boni
1374 1330 1703 1391 patrisfamilias,

352 1416 394 1450 et
411 1407 627 1449 considera
645 1405 843 1464 primum,
863 1404 975 1461 quod
990 1418 1160 1451 munus,
1179 1410 1219 1443 et
1237 1402 1304 1444 cui
1322 1403 1518 1452 mandet3
1538 1410 1586 1444 ut
1600 1410 1641 1444 et
1661 1409 1707 1443 tu

355 1477 410 1519 ita
441 1476 631 1518 instituas
664 1476 864 1522 servulos,
903 1482 950 1515 ut
978 1473 1119 1514 liberis
1149 1472 1230 1514 tuis
1262 1479 1485 1529 paternum
1507 1471 1708 1515 affectum

359 1545 572 1594 deferant,
599 1553 639 1587 et
671 1543 808 1586 officia
830 1550 1101 1599 exequantur.
1132 1542 1329 1584 Inventus
1361 1550 1423 1584 est
1455 1544 1506 1584 de
1536 1541 1707 1584 servulis

354 1616 507 1664 senior,
531 1624 671 1657 tamen
693 1614 764 1671 qui
787 1615 839 1655 ad
854 1628 1028 1654 uxoren]
1043 1611 1347 1669 providendam
1368 1612 1536 1654 domino
1553 1611 1710 1670 juniori

354 1686 592 1743 eligeretur,
617 1692 660 1726 et
688 1683 939 1725 constrictus
962 1692 1009 1723 ut
1029 1681 1204 1738 juraret,
1227 1682 1413 1725 mitteret
1434 1698 1608 1724 manum
1630 1684 1708 1726 suh

352 1756 489 1798 femur
517 1754 675 1797 domini
701 1754 776 1796 sui.
804 1753 883 1795 Per
908 1752 1046 1794 femur
1068 1753 1381 1809 generationem
1406 1753 1676 1812 intelligimus
1696 1770 1705 1796 :

355 1825 568 1882 generatio
586 1832 726 1866 autem
741 1823 921 1866 Abrahae
940 1822 1130 1864 Christus
1147 1831 1221 1865 est.
1244 1824 1363 1869 [nde
1378 1825 1603 1882 Apostolus
1627 1826 1706 1868 ait:

368 1893 574 1937 «Abrahae
607 1893 727 1935 dictae
756 1900 854 1934 sunt
883 1891 1198 1949 promissiones,
1234 1901 1274 1934 et
1305 1895 1453 1936 semini
1478 1895 1582 1952 ejus.
1617 1895 1711 1938 Non

359 1983 374 2004 n
389 1963 511 2006 dicit:
527 1963 580 2005 Et
598 1961 842 2011 seminibus,
863 1962 979 2018 quasi
996 1962 1039 2003 in
1055 1962 1222 2011 multis;
1244 1963 1317 2004 sed
1337 1963 1444 2006 sicut
1472 1966 1514 2007 in
1529 1969 1638 2008 un‘o:
1658 1966 1712 2009 Et

358 2032 536 2075 »semini
563 2040 661 2081 tuo,
695 2033 809 2088 quod
840 2039 902 2073 est
933 2031 1438 2081 Christus³;»ostendens
1468 2051 1543 2093 per
1573 2037 1711 2094 ipsum

358 2103 479 2146 nobis
501 2102 694 2145 sanctu‘m
714 2109 1039 2150 sacramentum,
1068 2117 1144 2159 per
1175 2103 1312 2160 ipsum
1342 2113 1480 2147 tutum
1511 2107 1712 2150 auxilium

359 2173 460 2215 fore.

420 2240 659 2286 LXXXIV.
677 2240 940 2283 Constrinxit
957 2248 1097 2283 autem
1112 2257 1209 2283 eum
1231 2257 1285 2285 ne
1306 2245 1358 2285 de
1377 2245 1535 2288 semine
1547 2245 1714 2291 Chana-

361 2327 549 2355 naeorum
578 2326 753 2352 uxorem
776 2311 1001 2353 arcessiret
1020 2311 1188 2354 domino
1207 2329 1281 2354 suo
1295 2347 1305 2362 ‚
1341 2329 1519 2371 quorum
1549 2318 1712 2374 generis

364 2390 510 2425 auctor
528 2390 690 2440 patrem
708 2396 792 2422 non
812 2381 1105 2431 honoraverat,
1127 2390 1168 2424 et
1186 2383 1279 2426 ideo
1297 2379 1599 2430 maledictionis
1625 2389 1714 2431 hae-

363 2452 584 2510 reditatem
610 2451 837 2493 transmisit
862 2450 904 2492 in
932 2466 1052 2500 suos3
1087 2461 1134 2494 ut
1156 2468 1457 2511 cognoscamus
1491 2457 1639 2509 fidem,
1671 2467 1715 2502 et

364 2522 589 2580 quamdam
599 2521 887 2564 haereditatem
900 2522 951 2563 de
963 2522 1143 2563 auctoris
1159 2525 1351 2582 prosapia
1367 2526 1410 2568 in
1431 2526 1479 2569 iis
1495 2528 1723 2586 requiren-v

411 2622 419 2637 ¹
441 2611 527 2645 Gen.
549 2622 640 2653 ΠΝ,
656 2623 687 2645 2.
700 2630 741 2636 —-
758 2622 771 2636 ²
790 2612 877 2655 Virg.
897 2612 931 2645 in
945 2612 1053 2645 Bucol.
1071 2613 1139 2647 Ecl.
1162 2623 1191 2646 1.
1204 2633 1245 2639 —
1261 2617 1275 2638 3
1294 2615 1368 2649 Gal.
1385 2626 1441 2657 111,
1457 2618 1508 2652 16.
