1742 3233
284 276 371 320 226
832 291 862 318 s.
903 290 1093 319 Annaosn

284 425 955 448 §WXWMVV-'AVVUSWKWNNSQWXSUQNSMWNXWW&
960 426 1003 442 Μ
1007 425 1091 441 »ΨΜ
1095 425 1182 441 vvww
1199 425 1225 440 Μ,
1229 425 1314 441 mm
1319 426 1450 442 ᾺΝΝΛΝὫἉ
1455 426 1497 441 Μ
1502 427 1543 442 §.lx
1549 427 1591 442 &W
1596 427 1640 443 ww

831 550 1006 594 CAPUT
1039 551 1088 592 II.

289 704 368 747 Ad
382 701 667 744 tractandum
683 700 734 741 dc
747 699 982 740 bestiarum
999 709 1163 741 natura
1179 698 1437 741 Ambrosius
1449 701 1636 742 aceedit:

347 772 626 828 Scripturam
635 770 896 825 simpliciter
904 769 1210 826 accipiendam
1220 770 1336 810 docet
1349 786 1362 812 .·
1375 771 1645 813 institm'lsui

352 857 452 884 cum
467 856 658 896 paupere
675 840 863 880 conviva
879 840 1254 896 σοιηραναῑῖοηετη
1273 854 1286 880 .·
1305 841 1497 882 cariosas
1516 857 1646 896 (μαθε-

354 917 486 954 tiones
513 909 743 968 fugiendas
770 919 940 957 monet,-
965 924 1144 963 eamque
1163 924 1255 949 rem
1271 908 1433 967 Moysis
1451 911 1649 968 exemplo

352 981 605 1037 confirmat.

352 1114 423 1156 ΠΙ.
465 1111 578 1154 Nun-c
602 1125 699 1166 age,
723 1116 892 1149 naturas
917 1107 1144 1150 bestiarum
1167 1108 1375 1156 dicamus,
1397 1117 1438 1150 et
1462 1109 1646 1152 hominis

292 1182 617 1242 generationem.
640 1179 776 1220 Audio
800 1178 911 1219 enim
935 1178 1184 1233 jamdudum
1207 1179 1364 1234 aliquos
1384 1179 1647 1222 insusurrare

295 1256 481 1299 dicentes
503 1267 510 1293 ε
537 1250 736 1302 Quandiu
759 1249 889 1290 aliena
910 1249 1109 1290 discimus
1128 1281 1137 1296 ‚
1170 1257 1211 1289 et
1234 1257 1372 1290 nostra
1399 1250 1609 1291 nescimus
1629 1249 1647 1291 ἱ)

297 1322 499 1376 Quandiu
530 1322 580 1361 de
601 1319 768 1374 reliquis
794 1318 1076 1360 animantibus
1102 1320 1307 1360 docemur
1329 1319 1546 1361 scientiam
1566 1352 1576 1367 ,
1608 1327 1651 1361 et

299 1391 574 1447 nosmetipsos
609 1387 882 1446 ignoramus?
923 1389 1031 1429 sslud
1067 1387 1177 1429 dicat
1209 1388 1455 1443 quod-mihi
1492 1389 1648 1445 prosit,

299 1466 413 1508 unde
433 1478 501 1504 me
530 1461 666 1518 ipsum
696 1459 895 1501 noverim.
930 1459 982 1501 Et
1007 1458 1115 1515 justa
1149 1459 1422 1514 conquestio:
1457 1461 1528 1500 sed
1549 1461 1654 1501 ordo

301 1535 528 1578 servandus
549 1540 611 1574 est
640 1546 764 1586 quem
786 1529 1001 1587 Scriptura
1025 1529 1239 1571 contexuit
1259 1546 1270 1577 3
1296 1529 1421 1570 simul
1439 1530 1535 1585 quia
1569 1545 1655 1571 non

302 1618 525 1664 possumus
551 1601 714 1658 plenius
740 1615 814 1641 nos
839 1613 1091 1656 cognoscere
1107 1631 1116 1646 ‚
1143 1597 1219 1639 nisi
1242 1598 1356 1655 prius
1382 1613 1473 1656 quae
1497 1599 1548 1640 sit
1569 1614 1657 1641 om-

302 1677 420 1720 nium
436 1683 585 1716 natura
609 1666 1240 1729 animantiunikoguoverimus.

361 1744 431 1788 IV.
458 1743 711 1789 «Producat,
728 1740 875 1797 inquit,
892 1748 1000 1781 terra
1015 1740 1196 1781 animam
1207 1739 1414 1781 viventem
1426 1741 1658 1782 secundum

306 1836 321 1858 v
335 1830 465 1874 genus
480 1846 490 1862 ,
518 1813 810 1869 quadrupedes
834 1843 844 1859 ,
869 1818 911 1853 et
939 1818 1149 1868 serpentes
1165 1842 1175 1858 ,
1202 1818 1243 1852 et
1273 1810 1426 1851 bestias
1448 1818 1591 1859 terrae,
1616 1818 1660 1853 et

304 1898 487 1944 »pecora
509 1883 739 1924 secundum
759 1896 888 1938 genus
905 1913 915 1929 ‚
933 1889 976 1923 et
998 1880 1137 1922 onmia
1152 1879 1326 1937 reptilia.
1354 1880 1407 1922 Et
1427 1879 1525 1922 fecit
1545 1879 1659 1921 Deus

305 1955 488 1999 »bestias
512 1961 646 2000 terrae,
666 1960 707 1993 et
731 1951 868 1992 omnia
889 1966 1041 2008 pecora
1065 1952 1116 1991 ad
1132 1965 1279 2008 genus,
1298 1957 1339 1991 et
1357 1950 1495 1991 omnia
1514 1965 1660 2007 repen-

306 2025 393 2067 »tia
428 2033 548 2065 terrze
578 2022 628 2063 ad
661 2036 801 2078 genus.
836 2021 886 2061 Et
917 2020 1019 2062 vidit
1054 2021 1166 2061 Deus
1194 2020 1288 2076 quia
1321 2020 1453 2068 bona,
1487 2028 1528 2060 et
1560 2019 1663 2061 dixit

306 2096 484 2138 »Deusz
520 2091 741 2135 Faciamus
783 2090 997 2132 hominem
1027 2089 1056 2131 ¹.
1093 2108 1107 2128 »
1141 2090 1231 2132 Hoc
1261 2091 1356 2131 loco
1393 2103 1478 2130 non
1515 2089 1663 2146 ignoro

310 2165 515 2223 quosdam
540 2161 770 2203 bestiarum
791 2167 833 2202 et
852 2174 1055 2217 pecorum
1078 2167 1119 2201 et
1145 2158 1401 2216 serpentium
1425 2166 1544 2199 terrae
1567 2173 1663 2215 spe-

311 2235 396 2278 cies
415 2234 493 2275 alio
512 2231 700 2273 retulisse
712 2247 723 2278 3
748 2238 794 2272 ut
811 2229 900 2271 haec
928 2231 980 2271 ad
997 2229 1274 2271 immanitates
1299 2228 1539 2277 criminum,
1559 2229 1664 2270 stul-

311 2304 447 2346 titiam
483 2309 753 2360 peccatorum
775 2332 785 2348 ,
825 2299 1051 2355 nequitiam
1091 2298 1390 2355 cogitationum
1428 2297 1630 2339 referrent
1649 2312 1658 2339 :

309 2389 388 2432 ego
426 2380 565 2414 autem
597 2369 806 2427 simplices
843 2377 1010 2411 naturas
1039 2367 1370 2425 uniuscujusque
1401 2367 1563 2425 generis
1593 2382 1665 2410 ac-

310 2443 438 2501 cipio.

376 2513 421 2557 V,
457 2512 543 2556 Nec
559 2526 706 2553 vereor
727 2526 780 2552 ne
807 2509 898 2567 quis
922 2524 989 2551 me
1010 2508 1203 2567 pauperis
1227 2507 1411 2551 convivae
1431 2519 1666 2566 praesump-

356 2627 367 2642 ²
389 2619 473 2670 Gen.
491 2629 514 2657 1,
533 2617 644 2656 24-26.
