1742 3233
317 333 400 376 302
858 348 889 374 s.
928 343 1118 375 Animosa

312 424 366 466 Et
380 422 493 480 quod
513 422 554 464 in
570 422 659 464 Deo
682 421 782 471 fuit,
815 425 997 465 ostendit
1018 423 1215 465 omnibus
1233 423 1346 479 quod
1366 437 1512 473 omnes
1533 424 1663 470 voluit

309 494 500 537 liberare.
530 492 616 536 Nec
644 500 783 535 tamen
812 494 906 535 dico
924 495 1019 550 quia
1041 493 1425 551 praevaricationem
1448 494 1663 537 nesciebat

309 564 515 613 suturam,
536 564 620 605 imo
638 564 734 620 quia
754 564 910 606 sciebat
934 580 1069 605 assero
1095 579 1103 604 :
1130 565 1203 605 sed
1230 579 1314 605 non
1334 564 1427 605 ideo
1450 564 1662 621 pereuntis

313 634 537 692 proditoris
558 633 753 674 invidiam
777 633 819 674 in
841 649 883 674 se
910 634 1054 675 debuit
1079 634 1264 675 derivare
1278 666 1289 682 ,
1317 642 1364 675 ut
1386 634 1664 676 ascriberetur

310 708 397 748 Deo
414 737 424 752 ,
447 705 559 760 quod
578 711 753 758 uterque
771 703 821 743 sit
842 704 993 759 lapsus.
1021 704 1141 746 Nunc
1161 712 1300 746 autem
1321 713 1497 760 uterque
1519 705 1664 746 redar—

313 775 469 832 guitur,
491 780 613 828 atque
641 772 973 821 reconvincitur;
1000 774 1096 829 quia
1119 782 1159 815 et
1181 774 1248 815 ille
1275 776 1519 828 mandatum
1541 789 1593 816 ne
1609 775 1665 816 la-

312 846 483 887 beretur
501 841 684 898 accepit,
704 849 745 882 ct
767 841 835 882 hic
854 841 979 883 etiam
1000 842 1042 883 in
1065 845 1318 899 apostolatus
1340 858 1494 884 munus
1513 843 1664 885 ascitus

312 923 374 956 est
390 947 399 963 ,
417 921 463 954 ut
480 913 545 954 vel
561 910 768 953 beneficio
786 911 863 952 Dei
885 920 1154 954 revocaretur
1171 929 1192 954 a
1210 913 1457 970 proditionis
1483 913 1661 963 affectu3

313 984 438 1026 simul
459 990 506 1023 ut
529 983 628 1023 dum
657 981 724 1022 alii
755 981 1046 1031 revincuntur,
1080 984 1296 1039 prodesset
1326 983 1533 1025 omnibus.
1572 983 1664 1025 Non

311 1053 423 1094 enim
447 1052 692 1093 consisteret
714 1060 936 1109 peccatum
952 1085 962 1100 ,
987 1053 1018 1093 si
1037 1052 1376 1095 interdictionon
1394 1053 1550 1100 suisset.
1573 1052 1664 1095 Non

312 1122 565 1164 consistente
587 1129 726 1162 autem
748 1129 922 1178 peccato
941 1154 952 1170 ‚
979 1137 1062 1163 non
1086 1124 1221 1164 solum
1243 1123 1421 1171 malitia,
1447 1123 1522 1164 sed
1539 1122 1665 1164 etiam

313 1194 444 1236 virtus
464 1192 636 1233 sortasse
659 1206 743 1232 non
770 1199 878 1232 esset
900 1207 908 1232 :
934 1206 1025 1247 quae
1047 1191 1124 1233 nisi
1147 1192 1283 1248 aliqua
1305 1191 1472 1234 malitiae
1492 1192 1665 1233 fuissent

314 1263 469 1305 semina
484 1295 495 1311 ,
523 1263 589 1304 vel
615 1261 859 1309 subsistere,
884 1263 950 1303 vel
973 1261 1159 1303 eminere
1181 1277 1265 1302 non
1288 1270 1439 1318 posset.
1469 1261 1583 1313 Quid
1604 1269 1666 1303 est

312 1334 424 1376 enim
446 1339 668 1390 peccatum
685 1363 694 1379 ,
719 1331 796 1372 nisi
818 1331 1101 1388 praevaricatio
1125 1332 1225 1388 legis
1248 1332 1417 1380 divinae,
1454 1339 1495 1373 et
1526 1332 1666 1373 coeles-

311 1405 418 1446 tium
453 1401 735 1446 inobedientia
767 1402 1102 1458 praeceptorum?
1125 1402 1216 1444 Non
1249 1401 1361 1443 enim
1384 1401 1555 1443 auribus
1577 1417 1667 1443 cor-

313 1475 424 1532 poris
441 1475 492 1515 de
509 1472 715 1514 mandalis
735 1471 972 1512 coelestibus
990 1470 1226 1527 judicamus
1244 1486 1253 1511 ε
1274 1472 1346 1512 sed
1361 1485 1458 1512 cum
1474 1470 1665 1513 essetDoi

312 1546 489 1587 verbum
502 1576 512 1591 ‚
531 1542 747 1599 opiniones
764 1542 954 1597 quaedam
966 1540 1086 1582 nobis
1104 1539 1204 1581 boni
1222 1548 1263 1581 et
1277 1540 1374 1581 mali
1387 1541 1661 1597 pullularunt3

315 1616 415 1656 (lum
438 1614 481 1655 id
503 1613 617 1669 quod
639 1613 797 1653 malum
818 1619 901 1659 est,
934 1611 1180 1652 naturaliter
1204 1610 1471 1667 intelligimus
1499 1625 1589 1652 esse
1609 1609 1666 1651 vi-

314 1686 512 1733 tandum,
538 1691 580 1725 et
601 1683 643 1723 id
662 1683 777 1738 quod
795 1682 957 1723 bonum
978 1689 1041 1723 est
1062 1679 1307 1722 naturaliter
1327 1680 1448 1721 nobis
1469 1679 1665 1736 intelligi-

308 1772 402 1798 mus
422 1770 511 1796 esse
532 1761 802 1811 praeceptum.
832 1752 878 1792 In
902 1767 951 1792 eo
975 1751 1098 1808 igitur
1117 1766 1265 1793 vocem
1286 1750 1456 1792 Domini
1473 1750 1667 1792 videmur

313 1827 457 1868 audire
470 1858 480 1873 ‚
500 1824 613 1880 quod
634 1823 711 1865 alia
728 1822 974 1871 interdicat,
995 1822 1070 1863 alia
1090 1820 1317 1878 praecipiat.
1340 1821 1392 1862 Et
1410 1820 1503 1861 ideo
1523 1820 1555 1861 si
1572 1820 1664 1876 quis

313 1912 399 1939 non
431 1893 638 1936 obedierit
669 1892 746 1934 illis
779 1907 870 1947 quae
893 1892 1019 1932 semel
1044 1907 1064 1932 a
1084 1891 1172 1932 Deo
1191 1897 1397 1947 praecepta
1429 1889 1666 1940 credimus,-

311 1982 444 2024 poenae
480 1963 683 2006 obnoxius
718 1961 959 2017 aestimat111'.
997 1960 1073 2002 Dei
1110 1969 1248 2002 autem
1285 1968 1544 2017 praeceptum
1581 1975 1664 2001 non

311 2036 429 2094 quasi
446 2035 488 2076 in
505 2033 656 2089 tabulis
669 2031 840 2089 lapideis
859 2039 1090 2073 atramento
1107 2030 1283 2088 legimus
1302 2031 1548 2087 inscriptum
1561 2030 1665 2080 ,φφά

309 2109 507 2152 cordibus
524 2103 674 2147 nostris
691 2112 881 2145 tenemus
899 2102 1147 2159 impressum
1165 2101 1324 2158 Spiritu
1339 2100 1416 2143 Dei
1438 2100 1531 2143 vivi.
1553 2101 1662 2158 Ergo

312 2179 451 2236 opinio
482 2183 623 2218 nostra
648 2175 734 2231 ipsa
761 2172 837 2215 sibi
859 2174 993 2228 legem
1025 2171 1135 2212 facit.
1171 2170 1214 2212 Si
1238 2171 1350 2212 enim
1380 2178 1545 2227 gentes,
1569 2185 1663 2226 quae

306 2251 442 2306 legem
459 2262 542 2290 non
558 2245 736 2292 habent,
755 2242 1000 2284 naturaliter
1016 2256 1062 2283 ea
1077 2274 1087 2290 ‚
1110 2257 1200 2297 quae
1217 2241 1317 2298 legis
1335 2249 1432 2283 sunt
1447 2274 1458 2290 ‚
1476 2240 1634 2283 faciunt
1645 2258 1657 2290 ;

309 2317 516 2376 ejusmodi
532 2317 665 2372 legem
690 2328 775 2354 non
797 2313 1001 2354 habentes
1018 2311 1092 2368 ipsi
1111 2311 1187 2352 sibi
1205 2319 1300 2353 sunt
1322 2312 1388 2353 lex
1402 2343 1413 2360 ,
1434 2309 1503 2366 qui
1526 2318 1662 2352 osten-

309 2392 413 2433 dunt
449 2404 553 2445 opus
583 2385 683 2443 legis
708 2384 911 2441 scriptum
944 2383 984 2424 in
1014 2383 1210 2424 cordibus
1238 2382 1333 2423 suis.
1363 2380 1514 2438 Opinio
1535 2381 1659 2439 igitur
1696 2438 1699 2440 q

305 2462 487 2504 humana
509 2458 585 2500 sibi
607 2465 805 2512 tanquam
826 2455 903 2496 Dei
924 2455 990 2495 lex
1011 2461 1084 2497 est.
1390 2507 1393 2509 .

365 2531 455 2574 XL.
490 2529 648 2570 Iterum
674 2526 773 2567 hinc
797 2524 919 2566 aliam
942 2524 1102 2565 faciunt
1127 2523 1397 2579 quaestionem
1412 2554 1423 2571 ‚
1445 2530 1492 2564 ut
1518 2523 1570 2564 ad
1592 2522 1656 2563 in-

306 2602 448 2646 vicem*
463 2597 649 2640 mandati
676 2596 792 2653 ejus,
825 2595 940 2651 quod
968 2593 1145 2636 diximus
1176 2593 1219 2634 in
1249 2592 1429 2635 hominis
1459 2591 1655 2649 opinione

308 2671 535 2716 consistere
548 2702 559 2718 ‚
583 2668 693 2714 hanc
714 2668 846 2725 ipsam
867 2666 1108 2723 opinionem
1129 2664 1376 2723 impressam
1391 2679 1415 2707 a
1429 2663 1517 2713 Deo
1533 2661 1654 2709 nobis
