1742 3233
436 277 757 316 ,unanimem
796 277 875 304 Lm.
912 276 964 303 w.
1314 261 1397 312 255

47 372 119 407 »et
136 363 328 404 volucres
345 358 439 401 coeli
462 357 582 400 nidos
599 355 671 398 ubi
693 354 958 411 requiescant
979 368 987 394 :
1008 352 1137 395 Filius
1162 362 1300 396 autem
1323 356 1402 397 how

32 451 64 483 ἦ»
77 432 200 475 minis
222 446 305 471 nou
326 429 453 470 habet
478 427 552 468 uhi
575 433 700 482 caput
722 439 843 466 suum
866 422 1077 466 reclinem
1098 423 1282 480 »Vulpes
1304 440 1402 481 ergo

49 518 93 545 se
120 499 339 543 abscondit
366 499 407 539 in
435 497 576 546 fovea,
602 495 686 536 avis
714 510 756 536 se
785 501 926 534 tuctur
955 492 996 533 in
1018 492 1115 534 nido
1136 507 1144 533 :
1169 493 1295 534 homo
1319 510 1404 535 nou

54 569 323 615 absconditur
346 568 387 609 in
413 568 528 608 fovea
546 600 557 615 ,
581 564 653 607 sed
685 563 901 620 decipitur.
929 563 1064 604 Fovea
1086 577 1184 604 vero
1208 579 1252 604 os
1275 563 1406 605 homi-

57 642 123 684 nis
155 649 216 682 cst
233 673 243 688 ,
268 640 381 680 fovea
405 640 485 679 alta
517 644 665 694 pectus
686 642 748 675 est
769 632 974 681 hominis,
999 632 1069 673 ubi
1100 641 1197 674 suut
1222 633 1343 674 noxia
1366 642 1408 675 et

54 710 318 753 fraudulenta
350 707 546 754 consilia,
575 706 693 746 malre
719 702 1002 760 cogitationes.
1039 702 1102 744 Tu
1133 702 1344 750 ambulas,
1365 710 1409 744 et

56 781 158 824 alius
178 780 249 821 tibi
267 779 424 820 foveam
444 784 572 834 parat.
598 776 644 817 In
658 774 795 817 medio
809 776 1055 830 laqueorum
1076 774 1285 822 ambulas,
1305 790 1410 830 quos

58 850 370 894 absconderunt
397 848 471 890 tibi
496 847 537 888 in
562 847 625 888 xia
654 844 809 886 inimici
833 844 906 885 tui.
933 843 1085 886 Omnia
1107 859 1204 900 ergo
1226 844 1412 885 circum-

62 922 196 979 spice,
220 929 265 961 ut
287 919 460 976 effugias
482 917 590 959 sicut
608 916 773 957 damula
796 914 847 955 de
870 914 1051 963 retibus,
1076 922 1118 955 et
1135 914 1242 955 sieut
1259 914 1341 956 avis
1363 914 1415 956 de

60 993 222 1048 laqueo,
259 991 435 1031 Damula
464 988 565 1029 retia
605 995 796 1044 aspectus
833 984 1050 1026 vivacitate
1088 983 1303 1025 declinat:
1332 984 1415 1025 avis

65 1060 220 1102 devitat
252 1060 445 1114 laqueos,
479 1056 511 1097 si
543 1055 594 1097 ad
627 1054 840 1112 superiora
870 1068 912 1094 se
944 1052 1152 1101 conserat,
1183 1061 1225 1094 et
1255 1061 1417 1095 terrena

65 1130 312 1188 supervolet.
350 1128 395 1169 ln
434 1126 718 1183 superioribus
748 1124 859 1166 enim
891 1139 1015 1166 nemo
1048 1123 1179 1165 tendit
1207 1123 1334 1172 retia,
1360 1126 1423 1165 la·-

65 1215 221 1258 queum
244 1200 382 1240 nullus
406 1196 638 1238 abscondit.
671 1195 770 1237 Ideo
795 1194 915 1250 cujus
935 1195 1194 1236 conversatio
1213 1195 1254 1236 iu
1273 1210 1422 1252 super-

66 1269 130 1312 nis
157 1277 218 1310 cst
235 1301 246 1317 ,
273 1267 398 1325 hujus
430 1282 514 1308 non
542 1268 647 1308 solet
678 1266 720 1307 in
743 1265 927 1322 praedam
948 1265 1087 1306 venire
1115 1273 1300 1322 captura.
1342 1265 1425 1306 Sed

68 1339 166 1397 quid
190 1338 352 1380 miraris
374 1338 405 1379 si
428 1338 554 1379 homo
579 1336 786 1393 decipitur
807 1337 858 1377 ab
884 1336 1077 1384 homine,
1103 1337 1270 1392 quando
1294 1336 1426 1380 Filius

67 1409 249 1452 hominis
265 1441 276 1457 ,
300 1408 374 1449 ubi
398 1407 706 1464 requiesceret,
740 1422 824 1448 uon
854 1406 1063 1448 habebat?
1083 1407 1136 1449 Et
1156 1407 1224 1449 ille
1255 1408 1427 1463 quidem

70 1482 196 1522 talem
228 1479 443 1520 hominem
467 1477 589 1526 fecit,
614 1478 655 1519 in
683 1493 764 1534 quo
789 1486 915 1534 caput
936 1494 1059 1519 suum
1084 1479 1318 1520 reclinaret.
1346 1480 1429 1521 Sed

70 1558 342 1608 posteaquam
375 1547 416 1588 iu
443 1556 613 1604 pectore
643 1555 786 1589 nostro
811 1562 893 1588 non
917 1548 1081 1604 requies
1104 1549 1282 1606 proximi
1303 1550 1432 1607 coepit

74 1634 186 1665 esse,
211 1617 281 1659 scd
304 1618 446 1664 l'ovea3
472 1625 743 1673 posteaquam
765 1617 870 1658 alter
894 1617 1010 1659 alteri
1032 1627 1200 1660 nectere
1223 1620 1350 1677 coepit
1367 1619 1433 1660 in-

75 1687 221 1735 sidias,
245 1702 370 1742 quem
398 1686 541 1741 juvare
565 1686 761 1734 deberet,
780 1695 906 1744 caput
928 1703 1051 1729 suum
1076 1688 1435 1732 Christus‘avertit

12 1778 21 1781 <
76 1773 98 1800 a
125 1757 245 1799 nobis
266 1773 274 1798 :
301 1757 374 1799 sed
395 1765 538 1814 postea
563 1765 703 1810 tamen
725 1757 872 1799 maluit
902 1757 1007 1799 illud
1036 1760 1161 1800 morti
1185 1758 1335 1801 offerre
1357 1775 1436 1817 pro

75 1828 210 1872 nobis.
240 1828 330 1870 Noli
353 1827 478 1884 igitur
494 1843 583 1868 esse
604 1827 893 1869 fraudulentus
909 1860 920 1876 ,
946 1828 1148 1877 crudetis,
1175 1829 1370 1879 immitis3
1389 1839 1438 1873 ut

80 1898 120 1941 in
144 1906 184 1939 te
211 1896 402 1938 Christus
419 1905 545 1954 caput
561 1897 747 1940 reclinet.

139 1966 291 2009 XLIX.
339 1966 530 2023 Denique
567 1982 665 2008 cum
704 1967 868 2010 fecisset
903 1968 1082 2025 piscium
1110 1970 1272 2015 belluas
1295 2008 1305 2024 ,
1345 1990 1443 2021 cnm

81 2036 246 2084 fecisset
276 2036 459 2078 ferarum
503 2052 654 2094 genera
690 2045 733 2080 et
768 2038 998 2082 bestiarum
1025 2073 1036 2089 ,
1079 2056 1163 2083 non
1200 2047 1404 2102 requievit
1433 2066 1443 2093 τ

85 2105 291 2162 requievit
314 2113 451 2147 autem
480 2114 753 2163 posteaquam
776 2108 992 2151 hominem
1010 2110 1063 2152 ad
1086 2112 1308 2170 imaginem
1325 2133 1444 2162 suam

84 2173 195 2217 fecit.
224 2175 271 2217 In
289 2190 371 2232 quo
393 2176 649 2233 requiescat,
672 2178 768 2239 aud-i
784 2178 995 2222 dicentem
1016 2196 1025 2222 ε
1044 2181 1207 2240 «Supra
1226 2189 1447 2246 quemjre-

86 2262 102 2287 ν
116 2245 352 2302 quiescam,
371 2245 450 2288 nisi
463 2262 590 2303 super
610 2246 814 2291 humilem
832 2258 877 2291 et
897 2251 1115 2306 quietum,
1132 2263 1176 2296 et
1196 2263 1449 2304 trementem

87 2315 243 2368 pverba
271 2314 391 2358 mea²
408 2315 454 2357 Ρ»
483 2317 584 2359 Esto
615 2333 718 2375 ergo
748 2318 918 2362 humilis
945 2329 988 2364 et
1013 2323 1205 2378 quietus,
1227 2334 1274 2368 ut
1304 2327 1344 2369 ‘m
1375 2337 1453 2372 tuo

87 2383 201 2445 Deus
218 2385 637 2442 requieseataffectu.
658 2388 841 2441 Quinon
864 2391 1068 2447 requievit
1084 2393 1120 2434 ia
1136 2394 1295 2445 bestii&
1320 2401 1454 2442 multo

89 2453 220 2512 magis
241 2468 326 2496 non
347 2455 586 2512 requiescet
606 2457 648 2499 in
674 2466 849 2515 pectore
869 2460 1047 2505 bestiali.
1068 2462 1176 2506 Sunt
1190 2465 1305 2508 enim
1326 2468 1457 2512 animi

91 2522 308 2573 bestiales,
345 2533 440 2567 sunt
472 2525 568 2568 serae
596 2527 731 2570 forma
760 2529 982 2573 hominum
1013 2532 1195 2585 indutae,
1231 2536 1282 2579 de
1305 2539 1459 2596 qui-bus

97 2607 102 2613 ’
141 2621 150 2637 ²
172 2613 290 2646 Matih.
315 2626 387 2652 vui,
405 2627 457 2649 πο.
477 2635 514 2641 -
537 2624 549 2639 ²
569 2619 642 2652 lsai.
663 2630 751 2659 uvi,
772 2632 801 2652 2.
