1747 3260
470 293 760 322 nummus-nort.
801 293 879 320 LlB.
919 293 980 319 111.
1323 282 1407 324 105

46 380 135 421 rat,
159 379 230 413 aut
250 379 472 412 ventorum
497 370 761 412 inclementia
779 402 789 419 ,
820 370 886 411 vcl
909 369 1108 411 imbrium
1132 371 1191 412 vis
1213 385 1316 413 saeva
1338 375 1407 414 de-

47 440 187 482 cutiat.
231 439 475 482 Succedunt
512 439 681 496 quidam
711 438 878 480 ordines
918 439 1040 496 spicae
1057 472 1067 487 ,
1104 440 1285 481 mirabili
1318 450 1408 483 arte

44 509 230 557 formati,
256 510 322 550 vel
344 510 395 550 ad
420 509 601 566 speciem
627 509 754 566 grati,
779 510 845 550 vel
872 510 922 550 ad
948 517 1136 551 tutamen
1165 526 1275 551 nexu
1297 526 1406 567 quo-

45 581 139 621 dam
173 579 285 620 iuter
311 594 353 620 se
381 579 580 620 naturalis
611 578 885 635 colligationis
918 579 1103 628 astricti,
1131 595 1235 635 quos
1266 581 1408 637 provi-

44 649 180 692 dentia
207 649 345 690 divina
369 649 574 691 formavit.
604 650 655 691 Et
673 665 725 690 nc
747 649 875 706 frugis
897 650 1194 691 numerosioris
1219 654 1408 708 pondere

0 714 1 717 ¹
42 721 154 763 velut
171 721 359 776 quaedam
379 721 500 761 cedat
523 720 675 761 fultura
697 721 954 767 culmorum,
974 721 1132 778 vaginis
1150 722 1403 777 quibusdam

43 791 129 848 ipsc
154 791 318 831 culmus
340 790 586 838 includitur,
611 798 658 831 ut
679 790 898 847 geminatis
915 791 1074 832 viribus
1090 791 1251 849 frugem
1274 793 1403 850 possit

42 859 319 917 multiplicem
342 860 561 908 sustinere,
586 876 637 901 ne
656 860 790 918 impar
811 861 927 902 oncri
948 870 1147 903 curvetur
1164 863 1205 903 in
1228 871 1395 906 terram.

0 931 2 958 ⁵
40 929 147 972 Tum
171 945 296 986 supra
332 930 463 986 ipsam
493 930 651 986 spicam
681 932 838 972 vallum
869 931 1046 972 struitur
1078 933 1326 981 aristarum,
1356 942 1404 975 ut

0 1017 3 1048 ς
41 999 159 1056 quasi
180 1001 361 1056 quadam
380 999 421 1040 in
445 1014 539 1040 arce
557 998 805 1056 praetcndat,
831 1015 883 1041 ne
905 1001 1042 1042 avium
1061 1002 1272 1043 minorum
1292 1018 1404 1044 mor-

1 1059 3 1098 ]
40 1069 153 1111 sibus
175 1069 289 1126 spica
313 1071 508 1118 laedatur,
536 1077 607 1110 aut
627 1069 711 1110 suis
733 1077 910 1111 exuatur
931 1069 1152 1120 fructibus,
1181 1080 1252 1113 aut
1275 1072 1403 1114 vesti-

2 1185 5 1195 .
39 1140 111 1197 giis
133 1147 382 1197 proteratur.

96 1208 275 1251 XXXV.
312 1209 427 1260 Quid
449 1209 587 1251 dicam
607 1211 967 1266 quemadmodum
989 1212 1211 1254 clementia
1233 1213 1309 1254 Dei
1326 1213 1403 1255 hu-

3 1295 6 1332 ξ
35 1293 167 1320 manae
204 1279 462 1336 prospexerit
502 1279 701 1321 utilitati?
743 1281 1015 1323 Foencratum
1057 1291 1167 1324 terra
1215 1283 1399 1325 restituit

4 1343 6 1357 ’
37 1350 149 1405 quod
173 1349 351 1406 accepit,
376 1357 418 1391 et
439 1364 662 1391 usurarum
687 1352 859 1392 cumulo
887 1352 1226 1409 multiplicatum.
1256 1354 1399 1395 Homi-

34 1433 107 1461 nes
139 1434 246 1476 saepe
279 1419 514 1476 decipiunt,
541 1428 582 1461 ct
607 1420 691 1477 ipsa
715 1420 1011 1464 foeneratorem
1043 1439 1165 1464 suum
1189 1432 1300 1465 sorte
1323 1426 1399 1466 de-

37 1488 234 1531 fraudant
260 1505 268 1531 :
295 1498 405 1531 terra
428 1490 561 1532 fidelis
584 1499 737 1532 manet.
765 1491 817 1532 Et
839 1491 872 1532 si
894 1493 1064 1548 quando
1089 1508 1175 1534 non
1201 1493 1398 1544 solverit,

35 1559 67 1600 si
105 1559 212 1601 sorte
245 1561 459 1602 adversata
483 1560 607 1602 suerit
641 1560 804 1618 frigoris
835 1560 1131 1613 inclementia,
1164 1573 1234 1606 aut
1266 1565 1396 1606 nimia

7 1629 9 1716 ξ
35 1629 224 1679 siccitas,
253 1638 322 1673 aut
350 1631 553 1672 immensa
581 1630 640 1672 vis
669 1630 889 1681 imbrium,
916 1633 996 1674 alio
1027 1648 1134 1674 anno
1166 1634 1397 1691 superioris

8 1726 10 1744 ,
35 1699 128 1741 anni
159 1700 310 1742 damna
343 1709 611 1758 compensat3
646 1701 700 1742 ita
737 1709 779 1743 et
811 1704 979 1758 quando
1014 1712 1240 1761 proventus
1276 1720 1394 1761 spem

8 1775 11 1832 ξ
35 1770 218 1813 destituit
235 1787 284 1828 ag
272 1771 441 1820 iicolae,
461 1771 566 1813 nihil
588 1780 696 1814 terra
714 1772 948 1829 delinquit:
972 1781 1013 1815 et
1030 1775 1198 1830 quando
1214 1775 1388 1824 arridet,

8 1833 199 1926 ξᾋιὼθιῐιι
214 1841 420 1882 foecundae
443 1841 587 1883 mauis
605 1857 646 1883 se
669 1842 710 1883 in
730 1851 873 1899 partus
891 1843 1086 1893 essundit,
1101 1853 1147 1887 ut
1174 1860 1391 1902 uunquam

10 1890 162 1953 ·ullu1n
185 1911 450 1969 dispendium
472 1926 546 1954 suo
570 1911 721 1954 inserat
743 1913 957 1956 creditori.

10 1977 14 2075 ξ
88 1980 286 2025 XXXVI.
324 1983 428 2034 Quae
449 1997 547 2025 velo
572 1983 732 2040 specIcs
748 1985 861 2041 pleni
885 1985 997 2043 agri.
988 1985 1005 2016 ἵ)
1023 1987 1108 2038 Qui
1135 1988 1268 2029 odor?
1287 1988 1393 2039 Quae

11 2079 14 2102 ,
34 2051 239 2094 suavitas?
253 2053 356 2105 Quae
373 2055 563 2111 voluptas
583 2054 893 2111 agricolarum?
908 2057 1023 2108 Quid
1039 2058 1163 2115 digne
1182 2059 1398 2116 explicare

12 2122 264 2183 {possumis
286 2126 317 2165 si
337 2132 479 2165 nostro
500 2133 672 2166 utamur
693 2126 905 2182 alloquio?
923 2127 1007 2169 Sed
1028 2123 1233 2170 habemus
1254 2128 1393 2186 Scrip-

13 2199 131 2260 ξῑιιπιε
160 2194 422 2243 testimonia,
458 2195 609 2251 quibus
642 2195 727 2252 agri
758 2196 1004 2239 suavitatem
1034 2198 1321 2240 benedictioni
1349 2208 1391 2241 ct

14 2264 167 2320 ξ3ιιιῐίιϊ3
184 2265 436 2307 Sanctorum
461 2266 717 2308 advertimus
736 2281 874 2324 comp
863 2277 1036 2315 aratam,
1058 2269 1225 2310 dicente
1244 2277 1389 2310 sancto

15 2332 175 2375 Isaac·
166 2350 175 2376 :
196 2353 211 2373 «
232 2335 351 2377 Odor
374 2335 447 2377 filii
472 2336 552 2377 mei
571 2336 679 2378 sicut
701 2337 807 2377 odor
824 2337 910 2394 agri
932 2337 1081 2394 pleni¹.
1099 2357 1114 2377 n
1129 2338 1242 2389 Quid
1264 2339 1394 2396 igitur

16 2397 260 2450 ‚describam
288 2414 641 2462 purpulascentes
664 2405 809 2456 violas,
839 2408 1017 2449 candida
1041 2408 1141 2456 lilia,
1167 2409 1388 2451 1utilantes

16 2464 161 2531 ξιοειιε,
187 2474 350 2531 depicta
374 2491 470 2517 rura
492 2491 604 2517 nunc
634 2476 768 2518 aurcis
784 2509 793 2524 ,
819 2492 934 2518 nunc
956 2477 1102 2526 variis,
1127 2493 1239 2519 nunc
1263 2477 1386 2520 luteis

17 2534 213 2591 lssoribus,
233 2543 274 2585 in
297 2544 448 2601 quibus
471 2546 647 2595 nescias,
668 2555 815 2589 utrum
839 2547 1000 2605 species
1019 2549 1196 2606 amplius
1213 2548 1390 2598 ssorum,

18 2643 20 2649 ·
70 2641 80 2657 ³
99 2633 181 2666 Gen.
201 2645 295 2669 xxvu
309 2658 318 2676 ,
336 2648 386 2680 27.
