1742 3233
308 274 399 328 584
856 289 888 320 s.
926 287 1114 319 Amnaosu

311 368 364 412 sit
385 383 481 426 erga
503 365 580 411 Dei
601 365 761 411 cultum
775 400 786 417 ,
814 376 856 411 et
873 367 1054 411 decimas
1072 357 1192 410 'terrae
1215 364 1424 424 gignentia
1447 364 1488 407 in
1509 363 1662 408 fructi·
1682 370 1686 374 ’
1734 424 1736 426 -

312 440 390 482 bus
417 437 542 495 (54),
571 437 689 496 juxta
710 437 899 481 altiorem
912 436 1180 496 prudentiam
1196 436 1238 477 in
1256 450 1304 478 eo
1321 437 1473 484 solvat3
1499 443 1546 477 ut
1560 451 1662 493 per·
1736 427 1737 430 ¹

312 507 539 550 sectionem
568 506 757 551 omnium
791 523 989 550 sensuum
1013 515 1137 563 atque
1170 520 1347 563 operum
1371 520 1546 547 suorum
1572 505 1661 547 Deo

315 576 489 625 deferat,
518 575 623 620 nihil
642 577 719 620 sibi
740 587 927 635 arroget,
953 591 1044 633 quae
1068 592 1110 618 se
1142 591 1285 633 regere
1312 591 1397 617 non
1418 582 1582 633 potest,
1603 574 1668 616 di-

314 646 410 688 vino
427 645 506 688 nisi
526 646 667 689 favore
687 645 789 688 fulta
811 646 876 688 sit.
901 646 1091 703 Denique
1108 646 1181 687 ubi
1199 661 1241 688 se
1258 645 1403 687 vicisse
1426 652 1562 701 putat,
1581 651 1672 685 ten-

316 725 428 759 tatur
456 725 580 774 atque
603 717 835 759 incessitur.
860 717 950 760 Hoc
973 717 1167 775 exprimit
1188 724 1229 758 01
1250 717 1374 759 (10001
1394 715 1521 757 lectio
1535 747 1546 763 ,
1573 714 1668 771 quia

318 802 484 845 semper
506 788 725 830 adversum
743 786 952 844 passiones
970 787 1155 845 corporis
1172 802 1290 829 mens
1307 794 1449 829 nostra
1468 794 1671 842 tanquam

319 856 362 897 in
398 855 582 898 excubiis
613 856 738 899 debet
761 858 1032 914 praetendere.
1065 857 1180 908 Quid
1208 856 1321 899 enim
1346 857 1547 912 estquod
1577 855 1634 897 ait
1659 870 1668 896 ε

331 943 346 963 «
364 927 467 975 Rex,
496 925 647 982 inquit,
672 924 955 969 Sodomorum
976 926 1100 969 exivit
1120 927 1286 969 obviam
1307 925 1446 976 Abrae,
1469 934 1510 969 et
1530 925 1635 968 dixit
1660 940 1669 966 :

320 995 410 1038 »Da
441 995 544 1038 mihi
578 995 794 1044 homines,
828 1011 957 1052 equos
985 1005 1126 1039 autem
1157 1011 1276 1039 sume
1300 997 1375 1038 tibi
1398 996 1431 1045 ¹3
1455 995 1535 1038 nisi
1562 996 1677 1052 quod

322 1073 415 1122 post
435 1065 509 1107 has
530 1065 704 1109 luxuriae
726 1065 919 1108 victorias
938 1066 997 1108 vis
1019 1068 1212 1123 quaedam
1232 1067 1418 1109 libidinis
1439 1073 1579 1124 potest
1608 1081 1678 1106 ra-

324 1134 511 1176 tionabili
542 1135 693 1178 mentis
724 1136 969 1193 subrepere,
998 1144 1046 1179 ut
1078 1136 1270 1180 infundat
1301 1137 1339 1179 ei
1370 1135 1679 1179 irrationabiles

324 1205 538 1263 passiones
553 1204 570 1246 P

384 1273 531 1317 XLVI.
569 1273 653 1317 Sed
678 1274 871 1333 perfectae
897 1274 1048 1319 mentis
1074 1284 1161 1325 est,
1192 1275 1296 1318 nihil
1318 1276 1370 1317 de
1391 1274 1569 1318 terrenis
1585 1307 1596 1324 ‚
1622 1274 1682 1317 ni·
1740 1291 1742 1317 2

328 1343 388 1386 hil
410 1345 461 1387 de
483 1345 769 1402 corporalibus
785 1345 993 1388 illecebris
1016 1361 1226 1388 assumere
1244 1378 1256 1394 ,
1277 1345 1489 1389 abstinere
1517 1361 1539 1387 a
1558 1353 1684 1387 terre-

331 1414 406 1456 nis.
428 1415 527 1457 Ideo
539 1414 754 1458 Abraham
772 1416 873 1458 dicit
893 1431 902 1457 ε
920 1415 1060 1459 «Nihil
1074 1431 1238 1458 sumam
1249 1416 1299 1458 ab
1313 1415 1509 1458 omnibus
1521 1415 1604 1457 tuis
1619 1414 1649 1456 ².
1660 1433 1674 1453 »

333 1485 464 1536 Quasi
482 1486 724 1544 contagium
745 1487 927 1529 declinat
949 1487 1303 1544 intemperantiae,
1324 1486 1442 1544 quasi
1464 1486 1605 1528 labem
1627 1500 1687 1526 re-

333 1556 438 1613 fugit
466 1556 749 1614 corporalium
775 1572 998 1606 sensuum,
1022 1558 1319 1600 delectationes
1348 1556 1497 1599 mundi
1524 1555 1685 1612 rejicit,

334 1628 522 1683 quaerens
539 1642 630 1684 quae
648 1622 773 1684 supra
791 1629 998 1669 mundum
1015 1636 1126 1676 sunt,
1151 1627 1233 1670 hoc
1255 1635 1332 1676 est,
1352 1627 1580 1670 extendere
1597 1640 1691 1667 nia—-

335 1712 411 1738 nus
436 1698 489 1739 ad
507 1696 750 1740 Dominum.
782 1697 928 1741 Manus
951 1696 1140 1754 operaria
1166 1698 1296 1740 virtus
1317 1705 1379 1740 est
1403 1696 1691 1738 animae.Hauc

336 1784 421 1809 11011
447 1767 498 1810 ad
521 1776 696 1810 terrenae
720 1767 880 1811 arboris
901 1784 1092 1826 pomum,
1118 1768 1191 1811 sed
1213 1768 1265 1810 ad
1293 1767 1522 1811 Dominum
1545 1774 1694 1808 exten-

338 1838 397 1880 dit
417 1853 426 1880 :
444 1856 459 1877 «
483 1838 567 1890 Qui
576 1837 690 1888 fecit,
710 1838 860 1895 inquit,
881 1840 1036 1881 coelum
1057 1847 1099 1882 et
1120 1846 1276 1881 terram
1295 1837 1328 1887 ³,
1347 1857 1362 1878 »
1375 1838 1458 1881 hoc
1480 1846 1558 1887 est,
1577 1839 1696 1882 intel-

337 1907 538 1964 ligibilem
555 1916 596 1950 et
617 1907 825 1951 visibilem
844 1908 1135 1952 substantiam.
1166 1908 1440 1966 Intelligibilis
1468 1908 1581 1950 enim
1597 1915 1697 1951 οὐσία

339 1980 494 2020 coelum
520 1986 582 2020 est
610 1993 619 2019 :
652 1977 825 2021 visibilis
867 1980 933 2021 vel
969 1978 1174 2021 sensibilis
1207 1979 1441 2022 substantia
1477 1987 1587 2027 terra
1615 1988 1690 2022 est.

341 2049 450 2106 Ergo
482 2045 688 2105 significat
719 2048 833 2105 quod
872 2048 1072 2091 virtutem
1105 2048 1253 2091 animae
1282 2064 1366 2091 suae
1401 2051 1454 2091 ad
1483 2051 1697 2108 superiora

343 2120 562 2168 extendat3
589 2127 636 2161 ut
658 2134 709 2161 ex
729 2118 797 2162 illa
819 2119 1068 2177 intelligibili
1090 2120 1322 2162 substantia
1344 2120 1584 2164 theoreticae
1607 2121 1699 2164 vitae

346 2190 491 2232 induat
518 2189 811 2239 altitudinem,
836 2197 1029 2247 spectans
1059 2204 1145 2232 non
1173 2190 1241 2232 illa
1265 2206 1356 2248 quae
1383 2191 1604 2240 videntur,
1629 2193 1702 2234 sed

347 2276 439 2318 quae
464 2275 550 2302 non
570 2259 790 2310 videntur,
814 2260 897 2304 hoc
919 2269 1002 2310 est,
1021 2276 1106 2303 non
1128 2269 1293 2304 terrena
1308 2294 1318 2310 ,
1344 2277 1427 2304 non
1444 2262 1675 2320 corporalia
1689 2295 1699 2311 ,

347 2347 431 2373 non
452 2331 689 2388 praesentia,
709 2332 784 2374 sed
799 2330 1094 2389 incorporalia,
1118 2338 1273 2374 aeterna
1290 2365 1300 2381 ,
1324 2332 1507 2374 coelestia
1528 2347 1537 2373 :
1559 2334 1610 2375 de
1627 2331 1702 2374 ista

349 2411 491 2444 autem
512 2400 662 2444 visibili
678 2402 912 2445 substantia
928 2401 1171 2460 operatoriae
1189 2409 1314 2458 atque
1328 2401 1459 2446 civilis
1476 2401 1703 2460 disciplinae

351 2479 538 2529 capessat
559 2471 751 2529 gratiam.

407 2541 573 2586 XLVII.
596 2541 822 2587 Subtexuit
838 2542 902 2587 his
923 2543 1143 2587 oraculum
1165 2543 1334 2589 Domini
1356 2543 1533 2590 dicentis
1555 2558 1563 2584 :
1581 2542 1704 2589 «Noli

401 2642 409 2658 ¹
432 2633 517 2667 Gen.
536 2643 602 2673 xiv,
622 2645 670 2668 21.
690 2645 760 2679 ——j
781 2634 867 2667 lbid.
888 2635 939 2669 25.
955 2653 988 2660 —
1009 2636 1021 2658 ³
1042 2634 1128 2669 Ibid.
