1747 3260
446 253 736 280 IIEXAEMERON.
774 253 854 280 LIB·
894 254 954 281 111.
1292 258 1374 301 109

23 340 180 378 armata
211 329 380 372 venenis
407 330 487 371 tela
513 329 739 378 senserint,
766 336 884 370 notas
908 339 1051 386 petere
1077 330 1229 373 herbas
1253 341 1375 389 atque

21 405 86 448 his
105 401 336 444 remedium
363 399 523 443 vulneri
552 399 745 441 dicantur
766 400 979 442 adhibere.
1015 400 1143 443 Cibus
1175 402 1254 444 illis
1276 419 1376 461 ergo

23 473 227 518 medicina
249 480 324 520 est,
349 479 395 512 ut
418 470 575 512 resilire
592 470 759 526 sagittas
778 469 916 511 videas
938 486 960 512 e
978 472 1165 521 vulnere,
1181 481 1222 514 et
1236 473 1378 531 sugere

23 559 201 593 venena,
226 558 309 584 non
334 557 510 598 serpere.
543 540 734 596 Denique
761 541 894 582 cervis
922 541 1041 583 cibus
1066 558 1274 585 venenum
1298 554 1372 588 est.

23 615 208 657 Coluber
231 628 401 655 cervum
431 612 550 668 sugit,
576 613 741 652 leonem
765 611 965 653 interficit
993 628 1001 653 :
1027 614 1154 656 draco
1177 615 1379 673 elephan-

25 692 108 728 tem
131 684 246 741 ligat,
275 682 398 738 cujus
415 682 534 722 ruina
556 696 670 722 mors
691 680 860 723 victoris
877 690 952 723 est.
981 683 1033 724 Et
1050 682 1142 725 ideo
1160 700 1324 728 summa
1341 687 1379 729 vi

24 754 235 811 utrimque
270 760 475 800 certatur3
514 751 583 793 ille
618 759 665 793 ut
691 753 843 809 peden]
877 753 1038 810 alliget,
1074 754 1116 796 in
1147 771 1229 812 quo
1261 772 1380 800 casus

25 824 152 868 vincti
175 824 251 865 sibi
280 838 433 865 nocere
460 837 545 863 non
569 823 719 880 possit3
744 823 820 864 iste
843 839 895 866 ne
917 824 1146 882 posteriore
1171 835 1380 870 extremus

25 896 148 954 pede,
169 902 238 936 aut
258 895 361 936 calle
379 893 570 950 capiatur
593 902 784 950 angusto,
805 895 877 935 ubi
900 897 964 937 vel
981 895 1068 952 ipse
1090 912 1133 938 se
1154 912 1237 938 non
1255 907 1381 954 queat

25 973 285 1021 retorquere,
314 972 356 1006 et
387 966 613 1005 draconem
639 964 752 1021 gravi
775 973 989 1021 proterere
1009 966 1196 1023 vestigio,
1221 969 1286 1009 vel
1315 983 1381 1010 se-

26 1035 188 1093 quentis
210 1034 420 1091 elephanti
439 1034 637 1076 auxilium
656 1050 739 1075 non
758 1034 928 1077 habere.

81 1107 190 1150 XLI.
228 1106 337 1163 Ergo
358 1105 389 1147 si
412 1105 710 1146 irrationabilia
740 1106 931 1147 animalia
955 1115 1111 1149 norunt
1133 1108 1283 1165 quibus
1306 1110 1383 1153 sibi

0 1197 2 1221 ι
27 1186 97 1221 aut
115 1177 382 1219 medicentur
402 1176 561 1225 herbis,
582 1183 652 1217 aut
676 1176 869 1217 subsidiis
888 1192 1010 1233 opem
1032 1177 1229 1227 asserant;
1253 1179 1381 1222 homo

26 1248 159 1292 nescit
182 1247 250 1290 cui
276 1246 534 1288 rationabilis
561 1262 705 1288 sensus
730 1246 963 1288 innascitur
979 1279 990 1296 ,
1019 1255 1090 1289 aut
1116 1256 1199 1290 tam
1222 1249 1381 1305 alienus

1 1308 4 1389 l
29 1334 50 1362 a
65 1333 162 1361 vero
185 1326 261 1366 est,
288 1325 334 1358 ut
351 1332 443 1374 quae
467 1317 618 1373 cuique
637 1325 730 1374 apta
745 1317 826 1359 sint
848 1316 941 1358 usui
960 1316 1133 1359 minime
1152 1319 1383 1376 deprehen-

2 1389 127 1442 [dat:
153 1397 222 1431 aut
246 1389 302 1430 ita
335 1397 495 1430 naturae
528 1388 714 1445 ingratus
745 1388 888 1437 bonis,
926 1396 973 1429 ut
1001 1388 1199 1444 quoniam
1232 1390 1386 1432 taurini

4 1500 5 1503 ,
28 1459 200 1502 haustus
231 1458 441 1516 sanguinis
467 1457 600 1500 letalis
631 1466 692 1499 est
714 1458 902 1506 homini,
931 1466 1151 1515 propterea
1178 1467 1299 1516 putet
1329 1462 1385 1503 la-

5 1561 7 1570 .
29 1530 244 1573 boriosam
256 1530 409 1572 animal
430 1536 501 1570 aut
523 1528 638 1570 nasci
656 1544 738 1569 non
757 1527 966 1578 debuisse,
990 1537 1061 1570 aut
1079 1529 1166 1570 sine
1184 1530 1385 1588 sanguine

5 1588 9 1660 i
30 1601 222 1644 debuisse
245 1599 451 1658 generari,
481 1599 603 1655 eujus
626 1599 755 1641 virtus
780 1600 831 1641 ad
853 1601 1014 1641 cultum
1038 1616 1233 1657 agrorum
1256 1601 1384 1652 utilis,

7 1661 82 1727 jad
110 1686 232 1712 usum
261 1672 544 1728 plaustrorum
579 1669 752 1718 habilis,
786 1671 838 1711 ad
866 1670 1106 1712 alimoniam
1132 1671 1293 1721 suavis,
1323 1672 1389 1714 di-

8 1738 146 1802 §verso
169 1757 345 1784 munere
372 1741 490 1783 suleit
513 1740 715 1798 agricolas
733 1774 743 1789 ,
769 1741 921 1797 quibus
941 1742 1077 1791 Deus,
1112 1742 1144 1784 si
1174 1742 1285 1784 bona
1316 1760 1389 1786 sua

9 1803 13 1876 l
30 1812 186 1861 norint,
211 1813 404 1854 universa
423 1812 606 1860 donavit,
630 1811 773 1853 dicens
792 1827 801 1853 ε
819 1830 833 1850 «
846 1812 1065 1854 Germinet
1087 1821 1196 1854 terra
1213 1813 1391 1857 herbam

10 1878 182 1934 hibeni,
203 1884 362 1941 spirans
385 1898 528 1925 semen
553 1884 786 1924 secundum
810 1898 952 1939 genus.
979 1900 994 1921 »
1010 1882 1101 1925 Non
1122 1885 1256 1925 solum
1276 1886 1390 1928 enim

11 1942 13 1977 ἶ
32 1963 306 2014 spontaneam
332 1953 572 1996 alimoniam
596 1952 917 2009 comprehendit
938 1968 1029 2009 quse
1048 1961 1110 1995 est
1132 1953 1174 1994 in
1191 1953 1332 1996 herbis
1351 1963 1392 1998 et

34 2026 266 2074 radicibus,
295 2033 418 2081 atque
438 2024 480 2065 in
503 2024 726 2072 arborum,
756 2023 1010 2079 reliquisque
1037 2023 1245 2066 fructibus
1275 2040 1284 2066 :
1319 2026 1392 2069 sed

37 2096 162 2138 etiam
180 2112 291 2145 eam,
323 2093 416 2153 quie
438 2094 642 2137 industria
667 2102 936 2151 comparatur
951 2125 961 2142 ‚
981 2101 1022 2135 et
1046 2095 1163 2136 cultu
1194 2094 1393 2138 rusticani

36 2165 189 2209 laboris
220 2166 462 2224 acquiritur.
1323 2204 1327 2207 Δ

55 2257 59 2264 ’
93 2237 220 2280 XLII.
259 2237 397 2288 Quam
420 2237 622 2277 decorum
645 2242 784 2276 autem
801 2236 915 2291 quod
936 2249 1019 2276 non
1047 2235 1189 2277 statim
1211 2235 1390 2278 fundere

40 2313 168 2349 terras
198 2321 342 2348 semen
370 2305 490 2362 jussit
515 2313 556 2347 et
583 2305 745 2347 fructus
770 2320 780 2346 ε
810 2305 884 2346 sed
912 2304 1097 2362 primum
1132 2305 1392 2362 germinare,

2 2380 5 2384 ’
42 2376 190 2419 deinde
211 2377 462 2419 herbescere
485 2390 653 2432 campos
675 2374 838 2423 statuit,
863 2383 1007 2432 postea
1038 2376 1270 2416 secundum
1295 2391 1397 2433 pro-

41 2446 261 2504 prietatem
284 2445 348 2489 sui
370 2445 533 2504 generis
556 2460 699 2487 semen
716 2445 1032 2492 adolescere,ut
1050 2459 1265 2501 nunquam
1275 2460 1397 2487 arvo-

0 2523 9 2559 Ῑ
43 2530 136 2559 tum
152 2525 321 2560 vacaret
345 2517 475 2575 gratia
490 2549 500 2565 ‚
520 2531 611 2572 quae
629 2523 747 2574 grato
768 2514 954 2573 primum
980 2516 1132 2558 decore
1157 2524 1400 2566 vernarent,

0 2608 4 2630 ι
43 2594 184 2645 postea
205 2587 422 2631 fructuum
440 2592 712 2645 suggererent
730 2584 986 2630 utilitatem?
