1747 3260
426 323 748 352 MEDmLANENsm
780 323 1006 351 ssmscopus.
1344 307 1394 350 25

114 403 222 453 Nec
272 400 466 452 desunt
512 402 668 452 etiam
706 402 799 471 qui
840 399 1083 451 versibus
1124 399 1257 449 tanti
1296 399 1397 448 viri

44 482 404 552 eloquentiam
435 493 486 532 et
522 483 745 532 virtutes
790 500 1045 532 exornare
1079 480 1255 531 conati
1291 479 1402 529 fue-

44 564 168 615 rint.
205 564 320 630 Sic,
350 576 406 615 ut
437 563 502 615 de
531 563 858 615 carminibus
887 562 1121 614 Ennodii
1149 563 1402 613 Ticinen-

46 644 115 696 sis
153 645 389 714 episcopi
423 645 626 711 sileam,
653 644 947 696 Adhelmus
984 643 1212 696 Schirib.
1253 642 1398 712 apud

46 725 415 778 Occidentales
467 727 701 778 Saxones
749 727 1033 797 episcopus
1088 724 1401 777 mellifluum

45 807 278 860 celebrat
306 808 580 860 doctorem
603 828 614 859 ε

169 993 185 1014 «
206 974 231 1016 J
235 990 300 1016 am
322 975 400 1017 suit
420 975 629 1032 Ilesperiae
648 975 831 1017 famosus
850 977 972 1018 laude
991 977 1187 1018 sacerdos

101 1074 117 1095 »
131 1055 400 1104 Ambrosius,
424 1055 578 1097 Christi
597 1057 812 1114 complens
832 1065 1041 1115 praecepta
1063 1057 1232 1114 benigni
1249 1089 1259 1105 ‚

99 1156 117 1177 ε»
131 1137 309 1195 Spiritus
330 1146 372 1180 et
395 1146 515 1180 caslae
538 1138 715 1181 servavit
738 1139 894 1181 soedcra
912 1139 1048 1181 carnis
1064 1171 1075 1189 ‚

97 1235 116 1257 ν)
131 1217 214 1269 Qui
231 1232 385 1260 nomen
402 1218 508 1276 gerit
529 1219 761 1262 Ambrosia>
783 1221 834 1262 dc
857 1229 1028 1262 nectare
1046 1221 1239 1263 ductum.

100 1298 206 1341 »Hic
228 1307 347 1341 tener
373 1300 414 1341 in
438 1301 556 1343 cunis
578 1302 790 1358 quondam
804 1334 814 1349 ,
838 1304 941 1344 dum
961 1303 1160 1359 parvulus
1183 1309 1313 1349 esset,

100 1380 275 1438 »Magna
298 1381 535 1424 futurarum
560 1383 683 1440 gessit
702 1385 942 1441 spectacula
966 1398 1109 1425 rerum
1131 1398 1140 1424 :

102 1462 321 1520 »Namque
345 1479 519 1506 examen
542 1479 668 1522 apum
691 1464 925 1506 numerosis
948 1464 1056 1506 forte
1079 1462 1253 1506 catervis

101 1561 117 1584 >³
133 1543 362 1587 Contendit
382 1544 532 1586 faciem
548 1545 697 1603 pueri,
722 1545 914 1587 mirabile
938 1545 1023 1587 satu
1030 1576 1115 1587 .....

100 1644 117 1665 »
131 1626 220 1668 Hoc
243 1641 418 1668 examen
437 1641 561 1684 apum
577 1659 588 1675 ‚
613 1641 696 1683 quo
715 1625 856 1668 Sancti
876 1626 993 1668 labra
1017 1625 1256 1670 redundant
1270 1656 1282 1672 .

100 1708 279 1752 »Dulcia
301 1711 534 1763 mulsorum
555 1709 768 1767 portendit
791 1708 917 1751 verba
937 1708 1148 1756 favorum,

100 1808 116 1830 »
129 1790 162 1832 E
179 1790 334 1847 quibus
359 1790 518 1834 affatim
537 1790 786 1832 dulcescunt
802 1798 974 1848 pectora
996 1789 1144 1847 plebis.

99 1870 286 1915 »Lucida
304 1871 485 1929 digessit
504 1872 767 1913 venerandus
790 1872 991 1929 opuscula
1010 1871 1174 1919 doctor,

100 1971 116 1993 ν
132 1952 239 1995 Cum
261 1953 425 1995 ratione
447 1953 514 2010 pia
536 1953 726 2010 pandens
743 1953 793 1993 ab
818 1952 978 2010 origine
999 1951 1157 2010 prima,

100 2053 117 2074 υ
132 2035 323 2087 Qualiter
345 2035 460 2078 hunc
482 2036 687 2077 mundum
715 2035 866 2078 summi
888 2035 1109 2094 prudentia
1132 2035 1266 2078 Patris

100 2114 340 2173 »Tempore
363 2124 617 2174 praesentem
641 2125 741 2159 tunc
763 2132 840 2175 per
858 2117 922 2159 bis
940 2125 1058 2160 terna
1081 2117 1245 2160 dierum

99 2195 318 2248 »Fecerit,
342 2207 500 2242 aeteruo
529 2199 752 2257 disponens
775 2200 927 2242 saecula
948 2207 1078 2248 nutu,
1102 2207 1167 2241 etc
1174 2229 1257 2241 .....
1295 2216 1310 2237 »

851 2321 929 2377 (de
954 2320 1088 2365 Laud.
1118 2322 1260 2380 virg.)

117 2460 552 2528 Elegantioribus
605 2474 747 2514 certe
798 2461 1066 2529 versibus,
1116 2462 1403 2532 minusque

39 2540 472 2595 claudicantibus
498 2543 754 2596 celebrari
803 2544 1104 2615 potuissent
1140 2544 1275 2594 tanti
1297 2538 1403 2593 ¹viri

38 2620 190 2676 dotes
218 2624 460 2692 eximiae5
498 2626 581 2679 his
617 2638 792 2678 tamen
841 2626 1172 2678 carminibus
1222 2622 1407 2677 videre
