1742 3233
488 305 539 330 DE
574 304 780 332 ΑΒΒΛΠΛΜ.
820 306 899 332 Lm.
939 306 984 333 11.
1328 293 1410 350 599

60 376 111 419 de
133 385 241 420 terra
265 378 499 422 afflictionis
522 389 618 423 sunt
639 390 864 438 assumpta.
886 381 939 422 Et
956 390 1053 424 sunt
1074 381 1151 424 alia
1173 396 1314 431 aurea,
1335 382 1412 424 alia

59 456 272 505 argentea,
297 450 393 506 quia
411 450 546 491 omnis
561 458 750 493 creatura
771 450 847 492 Dei
868 450 996 498 bona,
1022 459 1064 492 et
1084 450 1263 493 maxime
1285 451 1418 494 homi-

58 517 121 558 nis
148 518 189 559 in
207 520 328 561 terris
350 521 704 577 praestantissima,
725 534 849 576 quam
867 519 1088 562 honoravit
1109 520 1238 569 Deus,
1263 530 1310 563 ut
1330 519 1416 562 ins—

57 584 211 644 piraret
232 589 273 629 in
294 589 443 631 faciem
460 590 550 647 ejus
570 590 760 648 spiritum
782 589 892 638 vitm,
909 596 951 630 et
967 589 1161 630 omnibus
1179 589 1414 647 praeficeret

60 657 351 700 animantibus.
368 659 465 701 ssaec
483 660 550 702 illa
568 668 663 701 sunt
683 674 791 707 vasa,
811 661 863 700 de
881 658 1033 714 quihus
1047 659 1150 701 dicit
1168 659 1412 717 Apostolus:

69 744 84 765 «
107 728 320 771 Habemus
342 730 588 772 thesaurum
610 731 651 771 in
671 730 776 772 vasis
794 728 1032 771 fictilihus1.
1055 747 1071 768 >›
1099 729 1197 771 Haec
1214 738 1276 772 est
1292 732 1414 773 vestis

58 798 351 855 [Egyptiorum
388 815 467 856 qua
508 800 682 842 vestitur
721 800 856 841 anima
888 806 1059 847 nostra3
1091 807 1138 840 ut
1167 800 1418 857 locupletior

58 867 156 908 hinc
176 870 359 918 recedat,
383 877 424 910 ct
446 885 527 925 quo
551 869 618 911 hic
639 869 912 911 vehementer
932 868 1168 918 laborabat,
1193 870 1408 911 liberetur.

0 960 1 968 κ
59 936 151 978 Non
181 939 314 979 solum
342 939 455 980 enim
478 939 612 980 omnis
640 947 832 980 creatura
860 938 1117 995 ingemiseit,
1148 947 1189 980 et
1210 940 1413 996 parturit,

0 1041 1 1052 ,
60 1007 131 1047 sed
155 1007 281 1048 etiam
316 1024 419 1056 nos3
449 1010 584 1050 donee
618 1008 755 1050 veniat
783 1007 1017 1063 redemptio
1050 1008 1236 1064 corporis
1266 1008 1408 1050 nostri.

0 1086 1 1094 ¹
58 1074 194 1116 Habet
212 1076 417 1118 Dominus
440 1092 584 1118 curan]
606 1077 742 1134 operis
767 1065 829 1117 sui
845 1108 855 1124 ‚
874 1076 1001 1117 habet
1024 1084 1184 1117 naturae
1206 1084 1412 1133 promptae

0 1137 1 1171 ἶ
60 1143 100 1184 in
132 1145 341 1202 plerisque
369 1148 421 1187 ad
447 1146 652 1188 rationem
678 1160 726 1187 ac
753 1145 1102 1187 benevolentiam.
1140 1146 1283 1202 Neque
1305 1147 1416 1188 enim

59 1213 192 1255 excidi
227 1223 269 1256 et
298 1216 434 1272 perire
461 1216 646 1273 patimur
677 1216 872 1263 arbores,
908 1230 1086 1271 quarum
1122 1215 1230 1257 cirea
1260 1216 1417 1274 primos

61 1282 222 1325 fructus
246 1285 366 1326 nobis
381 1286 531 1327 smtura
552 1285 805 1342 prorumpit,
825 1285 856 1326 si
875 1285 1103 1341 posteriore
1115 1293 1236 1326 aetate
1258 1300 1327 1326 eas
1345 1294 1416 1327 aut

60 1362 206 1395 ventus
231 1355 434 1404 decutiat,
461 1363 530 1396 aut
552 1357 613 1396 sol
635 1356 803 1402 adurat,
833 1362 903 1395 aut
924 1353 1167 1396 sufficienda
1191 1363 1233 1396 et
1253 1355 1414 1396 submi—

59 1423 272 1467 nistranda
288 1426 440 1467 virtute
458 1425 714 1467 siccitatibus
728 1424 895 1466 deficiat
909 1425 1137 1466 substantia
1156 1440 1164 1465 :
1186 1426 1259 1466 sed
1271 1425 1413 1467 melio-

60 1493 174 1536 ribus
196 1496 306 1537 auris
324 1496 554 1538 diss'erinms
570 1495 877 1536 examinandas.
901 1495 952 1536 Et
977 1494 1069 1535 ideo
1087 1495 1290 1536 Dominus
1302 1495 1415 1537 Deus

60 1573 202 1606 noster
224 1566 345 1607 bona}
361 1566 584 1608 voluntatis
605 1573 912 1613 remunerator,
941 1565 1067 1606 etiam
1089 1565 1232 1621 primae
1253 1566 1414 1607 soetura·

61 1642 183 1690 atque
200 1635 350 1677 indolis
367 1634 765 1692 contemplationem
782 1635 941 1693 habens
959 1650 1083 1676 omne
1101 1635 1237 1692 colligi
1257 1635 1412 1692 patitur

59 1705 206 1747 animae
232 1715 383 1748 nostra>
408 1706 706 1764 patrimonium
732 1713 774 1746 et
799 1699 1022 1754 reservari,
1053 1705 1181 1747 futuri
1211 1706 1413 1748 adventus

59 1774 161 1817 illud
179 1777 433 1833 probaturus
452 1776 666 1833 temperie.

115 1846 261 1888 LXIV.
299 1847 459 1888 Memor
479 1847 618 1903 itaque
640 1846 702 1888 sui
724 1846 931 1894 muneris,
957 1847 1071 1902 quod
1087 1845 1321 1888 immortale
1345 1861 1413 1887 vo—

58 1916 134 1956 luit
151 1932 239 1958 esse
256 1918 384 1974 aequis
399 1950 409 1965 ,
430 1918 501 1969 sed
519 1918 551 1959 si
570 1919 693 1973 culpa
710 1932 794 1958 non
811 1917 1063 1974 obrepsisset
1079 1924 1121 1957 et
1141 1915 1273 1973 gravis
1287 1949 1298 1965 ,
1321 1931 1411 1973 quae

60 1985 156 2028 l'ecit
170 1995 218 2028 ut
234 2003 319 2028 non
335 1988 549 2045 expediret
560 1987 751 2028 homines
765 1987 837 2028 diu
849 1987 1006 2035 vivere,
1028 1986 1084 2028 ait
1101 1988 1153 2028 ad
1168 1986 1381 2028 Abraham
1398 2002 1407 2028 :

69 2055 160 2096 «Tu
189 2064 329 2097 autem
352 2056 428 2097 ibis
456 2057 507 2098 ad
537 2064 730 2113 parentes
759 2065 852 2098 tuos
880 2071 978 2098 cum
1000 2071 1128 2113 paee,
1159 2056 1340 2097 nutritus
1368 2056 1411 2096 in

59 2134 304 2168 »senectute
326 2126 475 2169 bona2.
496 2145 511 2165 »
530 2128 692 2170 Patitur
718 2141 792 2167 nos
820 2126 1035 2168 discedere
1056 2141 1106 2167 ex
1128 2125 1208 2167 hoe
1232 2128 1384 2167 saeculo
1399 2159 1409 2174 ‚

61 2204 104 2237 ut
117 2197 349 2238 secessione
367 2197 514 2238 animae
532 2197 612 2252 hoc
628 2212 779 2254 corpvs
797 2198 1027 2238 resolvatur
1044 2196 1086 2237 in
1099 2204 1254 2237 terram
1269 2211 1385 2237 suam
1398 2229 1410 2244 ,

59 2274 99 2306 et
122 2265 193 2307 fiat
210 2265 303 2308 finis
322 2267 486 2323 peccati
507 2282 515 2307 :
538 2267 688 2308 deinde
706 2282 779 2323 per
797 2266 1147 2307 resurrectionem
1164 2264 1415 2309 reformetur

59 2337 206 2379 divinae
223 2337 481 2391 liberalitatis
499 2337 640 2395 gratia.
664 2338 847 2393 Ideoque
867 2337 968 2378 dicit
985 2338 1036 2378 ad
1057 2335 1270 2377 Abraham
1291 2351 1300 2376 :
1318 2335 1412 2377 «Tu

59 2406 166 2449 »ibis
194 2410 246 2450 ad
265 2416 403 2465 patres
426 2416 532 2450 tuos.
561 2407 759 2451 Nonnulli
786 2414 1038 2464 putaverunt
1057 2413 1194 2464 patres
1217 2421 1306 2448 esse
1326 2407 1414 2448 ele-

60 2486 200 2520 menta
216 2512 226 2527 ,
249 2494 298 2520 ex
320 2478 472 2535 quibus
492 2486 655 2520 constat
677 2492 774 2519 caro
797 2485 937 2519 nostra
961 2475 1282 2524 dum'vivimus,
1306 2484 1348 2517 et
1369 2475 1411 2517 in

60 2563 150 2604 quae
175 2549 432 2591 resolvimur.
467 2548 550 2590 Sed
574 2563 670 2596 nos,
701 2547 771 2604 qui
795 2546 1061 2589 meminimus
1091 2553 1269 2588 matrem
1293 2544 1414 2588 nobis

107 2648 115 2662 τ
143 2650 153 2670 ι
169 2640 247 2672 Cor.
268 2649 312 2676 ιν,
330 2648 440 2682 7.—=
461 2640 544 2671 Gen.
562 2649 614 2676 xv,
635 2639 684 2670 l5.
