1742 3233
304 311 390 356 386
546 356 550 358 ,
849 323 880 351 s.
920 315 1109 351 nissnosu

303 389 427 453 runt,
453 401 612 444 inutilia
635 408 732 443 sunt
753 400 917 448 omnia,
944 400 1020 442 etsi
1049 411 1133 441 non
1161 400 1266 442 desit
1291 398 1475 445 effectus.
1507 400 1653 462 Magna

303 475 468 517 videtur
491 471 769 530 praeliantium
791 469 963 512 victoria
979 501 989 517 ‚
1020 470 1372 527 triumphantium
1396 472 1525 529 gloria
1547 489 1556 514 :
1581 475 1655 517 sed

300 543 543 599 frequenter
575 542 684 598 ipsos
713 540 902 582 videmus
933 539 1004 595 qui
1031 539 1237 588 vicerint,
1274 551 1416 583 rursus
1445 542 1654 586 bellorum

304 614 522 670 subjacere
544 611 735 660 incertis,
760 620 802 653 et
824 610 1033 652 transferri
1057 612 1108 652 ad
1132 610 1295 652 hostem
1319 619 1472 653 eventu
1497 614 1651 670 praelii,

304 692 345 725 et
361 699 410 725 eo
428 684 516 740 ipso
537 697 619 739 quo
643 681 820 723 victores
838 688 932 722 ante
954 680 1125 728 fuerint,
1151 679 1240 722 fieri
1261 681 1508 724 miseriores.
1537 683 1662 741 Opus*

303 761 364 795 est
386 767 483 809 ergo
506 759 550 792 ut
568 766 694 807 opera
710 758 781 791 tua
804 749 856 791 ad
877 750 1012 791 Deum
1035 750 1207 806 dirigas,
1233 758 1274 791 et
1299 750 1390 806 ejus
1411 751 1484 793 tibi
1503 753 1656 808 aspiret

303 822 429 864 favor.
453 821 619 863 Athleta
641 821 744 876 ipse,
766 819 836 875 qui
853 818 952 867 suis,
975 834 1060 860 non
1083 820 1243 866 alienis,
1269 821 1457 862 decernit
1478 821 1652 871 viribus,

305 891 467 947 quoties
486 889 769 947 congreditur,
789 888 938 930 dubios
948 874 1078 929 xcasus
1097 889 1238 929 subire
1256 903 1298 930 se
1321 890 1465 931 credit.
1489 889 1539 931 Et
1557 901 1655 933 cum

306 962 358 1003 ad
367 976 565 1002 coronam
582 959 832 1017 pervenerit,
850 958 1040 1015 intelligit
1059 958 1179 1000 citius
1196 958 1304 1000 lianc
1320 960 1466 1001 mundi
1480 961 1655 1017 gloriam

305 1039 504 1087 tanquam
528 1045 691 1071 coronae
713 1029 839 1086 ipsius
861 1027 955 1069 folia
972 1042 1240 1070 marcessere.
1269 1028 1539 1071 Gubernator
1556 1040 1655 1071 cum

307 1101 349 1142 in
380 1108 524 1157 portus
549 1099 690 1140 navim
715 1099 984 1146 subduxerit,
1007 1098 1075 1139 vix
1097 1097 1224 1139 finem
1254 1096 1496 1154 impositum
1522 1093 1656 1141 labori

304 1177 440 1228 putat,
460 1178 502 1211 et
523 1169 661 1210 statim
683 1168 829 1224 quaerit
846 1168 998 1209 laboris
1020 1167 1249 1209 exordium.
1274 1167 1458 1210 Solvitur
1478 1179 1657 1226 corpore

308 1239 444 1280 anima
462 1271 472 1286 ,
499 1245 537 1279 et
557 1246 649 1294 post
670 1236 796 1278 finem
813 1237 905 1278 xitae
927 1237 1052 1293 hujus
1076 1237 1213 1278 adhuc
1236 1245 1374 1279 tamen
1395 1236 1524 1279 futuri
1544 1238 1660 1294 judi-

307 1308 360 1349 cii
382 1307 578 1364 ambiguo
597 1306 876 1363 suspenditur.
900 1308 959 1348 Ita
974 1306 1067 1348 finis
1084 1308 1240 1355 nullus,
1258 1307 1331 1348 uhi
1353 1306 1446 1349 finis
1468 1315 1653 1364 putatur.

307 1379 427 1420 Unde
443 1379 547 1419 votis
557 1386 597 1419 et
609 1393 710 1435 pura
725 1375 980 1419 conscientia
996 1385 1038 1419 et
1055 1377 1202 1434 spiritu
1219 1377 1433 1419 charitatis
1453 1378 1661 1420 adhaerea-

305 1463 399 1491 mus
421 1449 508 1490 Deo
530 1456 675 1489 nostro
693 1481 703 1496 ‚
727 1456 769 1489 et
788 1448 977 1489 divinum
999 1447 1119 1489 nobis
1146 1448 1418 1489 conciliemus
1440 1447 1624 1489 savorem
1644 1462 1656 1489 t

306 1527 527 1577 precantes
543 1528 590 1560 ut
612 1534 633 1559 a
660 1516 928 1559 saecularibus
949 1518 1060 1559 curis
1086 1525 1285 1577 tanquam
1301 1518 1350 1559 ab
1369 1518 1600 1559 immitibus
1617 1525 1662 1560 et

309 1590 537 1647 agrestibus
559 1589 737 1631 dominis
752 1621 761 1637 ‚
785 1589 992 1646 possimus
1015 1589 1171 1630 absolvi
1195 1597 1318 1645 atque
1340 1589 1455 1635 exui,
1479 1589 1662 1630 munda-

307 1675 445 1716 noque
467 1659 579 1700 exire
608 1659 773 1701 servitio
789 1693 798 1707 ,
826 1658 867 1699 in
895 1658 1132 1700 libertatem
1157 1673 1347 1716 supernae
1370 1656 1659 1716 cogitationis,

309 1744 400 1785 quae
422 1744 518 1771 vera
541 1736 581 1770 et
599 1730 683 1770 sola
700 1737 762 1771 est
775 1728 960 1777 libertas,
984 1728 1132 1770 vocati.

355 1842 364 1856 ¹
386 1833 465 1866 Pseu
489 1845 600 1873 xxxvr,
619 1834 671 1865 23.
