1742 3233
270 236 352 293 476
808 256 838 281 s.
879 255 1070 288 Aixssnosu

266 335 374 375 tem,
399 336 512 369 sexto
542 329 632 377 dio,
659 331 775 385 quasi
798 332 982 387 perfecto
1010 346 1210 379 numero,
1245 347 1326 388 quo
1357 333 1497 375 omnia
1518 349 1615 376 con-

264 399 376 438 clusa
396 406 491 439 sunt
508 414 633 455 opera
650 400 748 448 Dei,
768 402 884 457 quasi
903 402 1084 458 perfecta
1104 403 1344 458 operatione
1364 404 1614 446 constitutus

264 466 391 508 homo
415 470 647 509 secundum
666 469 888 526 imaginem
910 471 985 512 Dei
1004 479 1065 512 est
1080 503 1090 518 ,
1115 471 1183 512 cui
1199 471 1325 513 etiam
1344 472 1419 513 iste
1443 487 1616 530 compa-

265 544 395 583 ratur,
420 537 489 592 qui
508 537 548 578 in
567 538 722 579 diluvio
741 539 874 595 justus
896 540 1088 581 inventus
1107 548 1181 582 est.
1209 541 1259 582 Et
1276 541 1369 582 ideo
1393 558 1516 599 supra
1538 551 1618 584 ter-

264 621 361 646 rena
385 607 524 648 onmia
546 623 643 649 eum
658 610 873 651 constituit
894 611 1005 651 Deus
1020 643 1030 657 ‚
1056 611 1162 652 sicut
1184 619 1226 652 et
1249 611 1366 652 illum
1389 613 1441 661 ad
1462 612 1615 669 imagi-

265 690 360 717 nem
374 676 449 717 Dei
472 676 629 718 sactum
642 711 652 725 ‚
674 679 769 733 quia
790 687 964 734 uterque
982 695 1002 720 a
1022 681 1198 722 terrenis
1214 681 1321 722 vitiis
1339 682 1610 738 temperabat.

264 745 360 793 Ille,
385 747 454 801 qui
482 747 536 787 ita
562 756 782 803 generatus
809 757 892 796 est,
921 758 968 790 ut
994 750 1097 791 nihil
1131 758 1294 791 terreno
1319 751 1492 791 deberet
1515 766 1619 792 con-

264 815 373 871 tagio
399 831 407 856 :
434 816 511 856 iste
529 849 539 864 ‚
565 817 635 872 qui
657 825 699 858 et
722 817 762 858 in
780 819 980 874 periculis
1003 819 1137 861 fuerat
1160 821 1433 877 approbatus,
1458 828 1499 861 et
1521 835 1620 861 exa-

264 884 444 926 minatus
479 885 520 926 in
554 887 837 943 passionib11S‚
873 897 914 930 ct
944 898 1133 946 repertus
1160 891 1272 945 quod
1302 890 1342 930 in
1368 889 1619 945 *confusione

267 968 351 994 non
375 954 517 996 fuisset
543 956 748 997 obnoxius
770 958 963 1014 passioni.

323 1023 577 1067 LXXXVII.
606 1025 740 1068 Altior
763 1036 901 1068 autem
919 1043 1062 1069 sensus
1080 1028 1207 1069 habet
1224 1029 1336 1084 quod
1352 1027 1488 1084 justus
1501 1042 1621 1085 mag-

263 1092 452 1134 nitudine
474 1103 515 1136 ct
536 1096 803 1138 multitudine
836 1097 1000 1139 virtutis
1035 1106 1225 1154 augetur,
1251 1105 1375 1153 atque
1399 1097 1618 1146 doctrina3

265 1170 305 1203 et
328 1164 459 1219 replet
480 1171 634 1205 terram
650 1198 660 1212 ,
686 1165 802 1221 quasi
821 1156 893 1207 cor
912 1168 1124 1222 quoddam
1143 1167 1183 1208 in
1199 1181 1283 1223 ‘quo
1302 1168 1353 1208 sit
1370 1175 1622 1224 receptacu-

264 1231 698 1288 lumintelligibilium.
712 1235 772 1275 Ita
796 1235 899 1276 nihil
915 1251 1096 1277 vacuum
1117 1237 1327 1293 sapientia}
1344 1253 1433 1278 esse
1447 1237 1618 1295 patitur,

266 1303 379 1356 quod
396 1301 630 1359 insipientia
651 1303 782 1360 possit
800 1305 1007 1346 invadere.
1030 1305 1208 1346 Domitis
1230 1306 1356 1362 igitur
1379 1321 1464 1346 non
1487 1308 1622 1347 solum

267 1372 442 1412 terrenis
462 1373 657 1414 omnihus
674 1374 937 1430 passionibus
955 1407 965 1423 ,
988 1376 1060 1416 sed
1084 1376 1210 1416 otiam
1223 1376 1412 1417 sensibus
1431 1390 1624 1432 corpora-

266 1441 398 1489 libus,
425 1441 578 1483 bestias
602 1458 771 1499 quoque
802 1444 879 1485 sibi
911 1446 1093 1500 quodam
1122 1453 1281 1486 terrore
1305 1445 1542 1501 subjicit·0t
1569 1444 1624 1485 ti-

267 1525 406 1559 more,
430 1511 472 1552 in
500 1513 652 1567 quibus
677 1513 835 1570 species
854 1513 1018 1555 videtur
1041 1514 1174 1555 inesse
1195 1514 1361 1555 maliliae
1385 1522 1507 1570 atque
1524 1514 1623 1555 seri-

266 1580 374 1622 tatis.
398 1582 573 1623 Immitis
590 1583 702 1624 enim
720 1592 761 1624 et
778 1584 947 1640 agrestis
964 1593 1024 1625 cst
1043 1584 1178 1625 omnis
1196 1583 1373 1631 malitia,
1393 1591 1436 1625 et
1452 1583 1623 1624 inflatur

266 1651 376 1692 aerio
399 1654 580 1708 quodam
603 1661 780 1695 tumore.
809 1654 894 1696 Nec
913 1654 1016 1695 illud
1038 1654 1268 1695 obscurum
1286 1686 1297 1701 ,
1324 1655 1438 1709 quod
1460 1653 1623 1710 reptilia

267 1722 457 1777 quaedam
488 1722 676 1763 letalium
708 1724 935 1779 quamdam
959 1723 1118 1764 habent
1144 1723 1325 1779 speciem
1347 1722 1589 1779 passionum
1605 1754 1616 1769 ‚

266 1806 287 1831 a
306 1791 455 1847 quibus
476 1807 684 1834 venenum
702 1794 912 1849 quoddam
932 1792 1065 1834 menti
1088 1792 1252 1833 videtur
1269 1791 1445 1832 infundi.
1469 1791 1619 1833 Omni-

265 1860 344 1902 bus
370 1876 467 1918 ergo
500 1861 563 1903 his
589 1862 766 1918 imperat
793 1862 952 1918 justus,
985 1862 1136 1918 quibus
1171 1876 1256 1902 non
1285 1860 1620 1902 commiscetur:

265 1931 337 1971 sed
360 1934 526 1972 coercet
545 1947 617 1980 ea,
641 1932 673 1973 si
695 1947 812 1973 mens
833 1932 923 1988 ejus
946 1947 1030 1972 non
1055 1931 1339 1973 delectatione
1355 1963 1365 1979 ,
1391 1945 1477 1972 non
1499 1930 1626 1987 cupi-

265 2000 392 2042 ditate
429 2002 622 2050 ducatur,
659 2017 743 2043 non
778 2001 964 2049 tristitia,
993 2009 1034 2042 ct
1071 2001 1222 2042 timore
1262 2000 1505 2057 frangatur3
1540 2014 1625 2041 non

264 2070 389 2112 etiam
405 2072 567 2113 luxuria
584 2081 708 2128 atque
725 2072 881 2114 deliciis
901 2080 1099 2127 tanquam
1117 2071 1332 2112 lubricum
1348 2071 1626 2111 ‹et-caducum

268 2140 361 2181 vitae
386 2141 509 2197 hujus
533 2149 625 2198 agat
654 2156 846 2189 cursum,
880 2143 952 2182 sed
986 2140 1244 2182 continentia
1276 2148 1317 2181 et
1344 2138 1624 2196 temperantia

271 2211 407 2267 abigat
429 2226 449 2252 a
473 2226 515 2252 se
530 2212 592 2252 vir
614 2211 776 2268 sapiens
798 2210 1042 2265 hujusmodi
1064 2210 1287 2267 passiones.

327 2281 602 2334 LXXXVIII.
640 2281 722 2323 Sed
757 2281 853 2337 quia
891 2279 1077 2322 subdidit
1111 2279 1250 2321 statim
1271 2294 1279 2320 :
1303 2277 1482 2321 «Omnia
1524 2293 1621 2334 rep-

271 2370 285 2390 n
303 2351 384 2393 tilia
399 2384 409 2399 ‚
454 2367 543 2408 quae
576 2360 671 2394 sunt
711 2352 801 2393 viva
818 2385 828 2400 ,
849 2359 973 2392 erunt
995 2350 1111 2391 vobis
1134 2350 1175 2390 in
1196 2348 1357 2391 escam¹
1375 2365 1386 2397 ;
1408 2367 1423 2386 »
1438 2363 1490 2389 ne
1511 2347 1619 2389 sorte

272 2429 313 2462 te
344 2429 528 2470 moveat,
566 2421 662 2478 quia
699 2429 794 2463 ante
829 2421 879 2462 de
915 2420 1133 2478 reptilibus
1171 2419 1348 2460 diximus
1384 2416 1596 2459 venenatis
1613 2449 1623 2464 ,

274 2503 477 2548 cognosce
509 2491 586 2533 alia
618 2507 707 2534 esse
733 2491 896 2549 reptilia
926 2497 1152 2537 venenata,
1188 2489 1266 2531 alia
1295 2494 1524 2530 mansueta.
1561 2485 1621 2529 Do

319 2591 327 2605 ¹
352 2582 433 2615 Gen.
456 2593 499 2620 ix,
518 2583 547 2615 3.
