1742 3233
455 303 506 331 DE
541 296 752 330 rAnAmso.
789 296 909 329 LIBER
942 298 1056 328 UNUS.
1355 295 1442 338 281¹

89 385 184 428 dem
202 381 610 426 tentandilicentiam
628 396 636 422 :
654 381 820 422 sednon
833 380 993 437 accepit
1003 380 1166 438 copiam
1180 381 1408 426 subruendi
1425 418 1435 434 ‚

87 454 165 497 nisi
181 469 253 496 sua
277 461 422 511 sponte
438 452 602 494 labatur
625 449 814 491 infirmus
832 449 1028 500 affectus,
1047 451 1117 507 qui
1136 451 1213 492 sibi
1235 452 1435 496 auxilium

87 539 171 566 non
188 524 298 565 norit
320 537 538 564 arcessere.
567 522 617 563 Et
634 521 726 562 ideo
745 535 824 576 qua
846 520 992 562 fraude
1012 522 1231 562 tentaverit
1252 522 1437 579 primum

85 593 320 641 hominem,
351 593 502 649 quidve
533 592 575 633 in
605 591 774 634 homine
804 591 1012 647 putaverit
1039 606 1128 632 esse
1159 594 1434 642 tentandum,

85 680 166 721 quo
194 663 363 712 ordine,
385 678 466 719 qua
490 670 577 704 arte
601 676 853 719 cognoscere
875 676 978 718 opus
1000 670 1076 709 est,
1102 669 1149 703 ut
1171 676 1316 704 cavere
1338 678 1421 720 pos·

85 735 225 776 simus.

141 804 215 846 XI.
251 803 442 860 Plerique
476 811 616 845 tamen
648 803 718 859 qui
748 804 893 844 volunt
927 803 969 844 in
998 802 1188 860 paradiso
1223 803 1439 845 diabolum

84 889 168 915 non
189 873 314 915 fuisse
328 906 338 921 ,
357 874 455 915 licet
473 874 514 914 in
532 875 637 915 coelo
661 880 862 914 astantem
881 888 979 914 cum
1003 872 1171 930 Angelis
1188 874 1410 930 legerimus
1428 907 1438 922 ,

43 970 46 973 -
83 959 137 985 ne
178 952 320 985 nostro
357 959 548 985 sermone
579 944 798 985 videantur
837 943 1011 985 offendit
1047 944 1136 999 (24)
1154 976 1165 992 ,
1205 946 1439 985 secundum

83 1028 200 1054 suam
238 1012 447 1069 accipiant
482 1014 751 1055 voluntatem·
781 1013 1167 1069 interpretationem
1203 1013 1321 1055 istius
1351 1016 1440 1056 lec—

83 1082 218 1124 tionis.
236 1082 425 1138 Namque
444 1091 538 1124 ante
555 1098 629 1124 nos
647 1083 740 1130 suit,
756 1083 826 1139 qui
840 1098 915 1139 per
932 1084 1189 1140 voluptatem
1207 1091 1249 1124 et
1266 1098 1437 1128 sensum

82 1153 528 1210 praevaricationemah
539 1153 710 1194 homine
720 1153 1015 1194 memoraverit
1024 1168 1111 1194 esse
1123 1153 1389 1194 commissam
1402 1152 1434 1200 ¹,

82 1225 123 1266 in
162 1223 301 1281 specie
343 1223 547 1281 serpentis
583 1222 759 1280 figuram
797 1223 1008 1280 accipiens
1050 1222 1360 1271 delectationis,
1395 1222 1437 1264 in

82 1292 214 1351 figura
252 1293 441 1335 mulieris
489 1308 657 1334 sensum
700 1294 825 1335 animi
863 1294 1097 1350 mentisque
1143 1293 1399 1335 constituens
1426 1325 1436 1341 ,

82 1379 208 1420 qnam
228 1367 384 1409 αἴσθησιν
405 1371 558 1405 vocant
581 1363 715 1405 Graeci
736 1379 745 1404 :
772 1365 947 1420 decepto
973 1371 1112 1405 autem
1135 1378 1258 1405 sensu
1279 1379 1440 1421 prceva—

82 1433 319 1474 ricatricem
351 1435 586 1475 secundum
615 1433 832 1475 historiam
869 1442 1055 1475 mentem
1083 1434 1284 1481 asseruit,
1312 1448 1438 1489 quam

82 1503 217 1545 Graeci
241 1511 316 1545 νοῦν
337 1512 502 1545 vocant.
530 1504 659 1546 Recte
681 1504 806 1560 igitur
827 1505 868 1545 in
898 1518 1032 1561 gracco
1054 1512 1132 1553 νοῦς
1156 1503 1232 1544 viri
1259 1503 1438 1560 figuram

83 1573 266 1631 accepit,
291 1578 450 1622 αἴσθησις
474 1574 674 1617 mulieris.
710 1575 828 1616 [nde
851 1583 893 1616 et
909 1574 1079 1630 quidam
1101 1574 1236 1615 Adam
1254 1581 1329 1614 νοῦν
1354 1582 1439 1615 ter-

81 1659 233 1686 renum
266 1644 526 1701 interpretati
554 1653 662 1686 sunt.
694 1645 898 1686 Dominus
920 1653 1060 1686 autem
1084 1644 1263 1701 virgines
1285 1644 1373 1685 illas
1397 1643 1440 1685 in

81 1715 321 1771 Evangelio,
336 1715 521 1757 accensis
539 1715 700 1757 facibus
717 1717 783 1757 vcl
795 1716 1004 1764 extinctis,
1021 1721 1286 1772 expectantes
1299 1712 1438 1771 sponsi

83 1785 308 1828 adventum
337 1802 413 1843 pro
442 1786 632 1827 sensibus
652 1788 718 1827 vel
751 1786 920 1843 integris
951 1785 1225 1843 sapientium,
1258 1786 1324 1826 vel
1349 1798 1442 1825 cor-

83 1855 214 1913 ruptis
236 1855 522 1913 insipientium
551 1856 689 1913 posuit
705 1856 734 1898 ².
758 1857 863 1899 Nam
899 1857 931 1898 si
950 1857 1058 1904 Eva,
1082 1856 1162 1897 hoc
1186 1862 1269 1902 est,
1296 1869 1439 1896 sensus

82 1926 226 1984 primae
246 1926 432 1968 mulieris
458 1941 653 1968 accensas
679 1927 893 1968 habuisset
918 1926 1028 1988 faces
1048 1959 1057 1975 ,
1087 1940 1305 1982 nunquam
1329 1940 1438 1981 pree—

82 1997 345 2039 varicationis
374 2012 457 2038 suae
483 2012 558 2039 nos
584 1997 795 2039 criniculis
821 1997 1098 2055 implicasset,
1132 2012 1270 2053 neque
1292 2011 1343 2039 ex
1363 1995 1434 2038 illa

82 2067 243 2110 virtutis
260 2067 573 2110 immortalitate
592 2068 823 2110 cecidisset.

130 2178 137 2192 ¹
157 2169 251 2202 Philo
268 2169 299 2201 in
315 2168 371 2202 lib.
390 2168 432 2202 de
449 2169 557 2201 mundi
577 2169 725 2212 Opificio.
740 2188 779 2194 —
800 2179 812 2194 2
835 2171 951 2204 Mauh.
972 2181 1048 2209 xxv,
1070 2181 1099 2210 1,
1116 2175 1149 2203 et
1164 2180 1254 2213 seqq.
