1747 3260
338 308 422 334 212
882 302 910 328 S.
952 300 1139 327 AMBROSII

332 394 443 451 regis
462 388 693 449 'poenitenti
723 387 1071 429 condemnatione
1083 401 1122 426 se
1138 386 1365 433 mulctant3
1387 393 1426 426 ut
1447 386 1688 428 immorian-

333 474 403 506 tur
437 461 570 505 aculei
595 459 657 501 sui
680 460 863 499 vulnere.
907 458 1030 507 Quod
1061 457 1280 497 Persarum
1308 455 1451 512 populi
1481 455 1690 512 hodieque

331 547 496 577 servare
514 531 732 575 dicuntum
755 535 799 568 ut
818 542 894 584 pro
914 526 1122 567 commissi
1146 525 1280 582 pretio
1297 525 1373 582 ipsi
1391 525 1488 566 inse
1508 526 1686 583 propriae

333 603 481 646 mortis
505 606 766 655 exequantur
789 597 1051 638 senteutiam.
1075 596 1219 651 Itaque
1237 595 1338 636 nulli
1358 595 1413 635 sic
1433 610 1588 652 regem,
1606 610 1690 636 non

329 676 466 718 Persae
489 671 560 728 qui
581 668 840 727 gravissimas
864 667 902 707 in
928 667 1117 707 subditos
1140 665 1297 706 hahent
1319 667 1447 721 loges,
1473 679 1556 705 nou
1578 665 1686 713 Indi,

332 762 416 788 non
443 743 587 801 populi
611 740 895 781 Sarmatarum
920 745 1032 779 tauta
1058 745 1212 792 quanta
1243 751 1339 793 apes
1362 735 1591 777 reverentia
1616 737 1695 776 de-
1730 746 1733 769 ἱ

330 813 510 857 1111101115
533 811 774 854 observant;
799 815 844 847 ut
861 808 982 847 nullm
1001 822 1022 844 e
1040 806 1235 846 domibus
1255 805 1366 845 exire
1387 807 1584 852 audeant,
1606 820 1690 845 non

332 887 375 928 iu
400 885 556 940 aliquos
574 879 742 938 prodire
760 885 918 935 pastus,
944 876 1019 916 nisi
1039 891 1110 916 rex
1126 875 1249 917 fuerit
1267 875 1402 932 primo
1419 890 1625 931 egressus,
1651 882 1694 916 et

332 958 495 997 volatus
514 952 590 993 sibi
608 948 875 992 vindicaverit
895 945 1194 1004 principatum.

390 1023 542 1066 LXIX.
580 1021 804 1062 Processus
838 1025 977 1058 aulem
1010 1025 1071 1057 est
1103 1031 1178 1073 per
1212 1031 1310 1056 rura
1344 1015 1590 1063 redolentia,
1622 1015 1694 1057 ubi

334 1094 568 1136 inhalantes
599 1089 708 1131 horti
742 1088 930 1134 floribus,
964 1086 1036 1127 ubi
1060 1086 1219 1142 fugiens
1241 1085 1353 1125 rivus
1377 1100 1451 1142 per
1487 1084 1691 1141 gramina.

337 1164 411 1205 ubi
448 1176 609 1204 amoena
643 1160 829 1216 riparum
862 1173 871 1198 z
907 1157 989 1198 illic
1023 1157 1146 1197 ludus
1169 1156 1316 1197 alacris
1338 1155 1584 1212 juventutis,
1611 1155 1695 1196 illic

335 1241 569 1290 campestre
592 1228 852 1274 exercitium,
881 1227 962 1267 illic
983 1240 1179 1266 curarum
1197 1225 1397 1266 remissio.
1423 1226 1540 1282 Opus
1558 1224 1695 1281 ipsum

336 1318 479 1350 suave,
499 1303 550 1342 de
568 1299 757 1346 lloribus,
776 1299 825 1338 de
843 1296 983 1338 herbis
997 1296 1190 1337 dulcibus
1209 1295 1449 1336 fundamina
1464 1302 1696 1336 castrorum

334 1374 471 1433 prima
492 1378 719 1430 ponuntur.
748 1368 862 1419 Quid
883 1367 994 1407 enim
1023 1367 1137 1407 aliud
1165 1374 1228 1407 est
1250 1366 1381 1414 savus,
1406 1365 1484 1406 nisi
1505 1367 1697 1422 quaedam

336 1454 573 1488 castrorum
601 1439 759 1498 species
780 1439 797 1480 Ρ
820 1438 1010 1494 Denique
1032 1438 1082 1479 ab
1105 1437 1168 1479 his
1190 1437 1446 1495 prsesepibus
1475 1452 1601 1495 apum
1629 1436 1697 1478 su·-

339 1531 414 1558 cus
439 1522 620 1557 arcetur.
650 1511 753 1562 Quae
778 1517 910 1550 castra
936 1508 1136 1564 quadrata
1162 1516 1324 1549 tantum
1346 1515 1521 1564 possunt
1541 1507 1699 1548 habere

339 1586 439 1628 artis
461 1593 502 1626 et
525 1582 682 1640 gratim,
707 1587 910 1637 quantum
934 1579 1089 1619 habeut
1113 1586 1244 1619 crates
1262 1578 1468 1626 saxorum,
1488 1577 1528 1618 in
1549 1577 1701 1633 quibus

337 1657 512 1699 miuutae
542 1668 588 1694 ae
618 1651 808 1692 rotundze
838 1649 998 1689 cellulae
1029 1648 1288 1688 connexione
1321 1647 1385 1688 sui
1416 1646 1595 1688 invicem
1618 1645 1700 1687 sut:

337 1722 540 1767 ciuntur?
563 1721 667 1773 Quis
691 1719 944 1761 architectus
972 1733 1040 1759 eas
1065 1717 1209 1758 docuit
1229 1716 1461 1773 hexagonia
1484 1716 1552 1757 illa
1576 1713 1701 1756 celluss

334 1797 476 1839 larum
493 1791 715 1834 indiscreta
732 1791 912 1830 laterum
930 1788 1164 1844 a³qualitate
1183 1801 1456 1844 componere,
1482 1801 1528 1827 ac
1553 1792 1702 1826 tenues

340 1867 451 1908 inter
475 1865 698 1904 domorum
721 1868 836 1917 septa
861 1874 977 1900 ceras
1001 1859 1256 1915 suspendere
1273 1889 1282 1905 ‚
1308 1856 1462 1913 stipare
1483 1856 1606 1896 mella
1622 1886 1632 1902 ,
1661 1860 1702 1896 et
1731 1859 1736 1921 Ι

340 1937 500 1979 intexta
515 1932 688 1974 floribus
707 1930 856 1971 horrea
874 1937 1043 1969 nectare
1060 1929 1243 1983 quodam
1261 1924 1529 1968 distendere?
1547 1924 1703 1966 Cen-nas
1732 1923 1736 1979 1

340 2020 491 2048 omnes
520 2009 681 2044 certare
714 2001 764 2041 de
791 2013 983 2045 munere,
1017 1998 1114 2039 alias
1138 1996 1352 2054 invigilare
1376 1997 1601 2053 quaerendo
1619 1994 1706 2036 vic-
1732 2000 1736 2056 ff

346 2085 454 2124 tum,
480 2074 575 2116 alias
602 2070 822 2114 sollicitam
845 2068 990 2110 castris
1013 2067 1212 2109 adhibere
1239 2066 1489 2114 custodiam,
1516 2065 1614 2107 alias
1641 2063 1707 2105 fu·
1732 2080 1736 2132 Ι·

344 2156 463 2189 turos
489 2144 704 2201 explorare
733 2141 903 2187 imbres,
935 2146 976 2180 et
1007 2136 1214 2195 speculari
1245 2151 1479 2178 concursus
1510 2134 1703 2183 nubium,
1732 2140 1737 2189 ξ

343 2216 448 2259 alias
466 2216 517 2256 de
533 2213 707 2255 ssoribus
722 2225 838 2252 ceras
860 2208 1034 2266 fingere,
1059 2208 1156 2249 alias
1174 2222 1313 2248 roxem
1332 2206 1517 2247 infusum
1535 2205 1736 2247 floribus·

346 2301 422 2328 ore
447 2284 662 2340 colligere;
687 2282 845 2322 nullam
871 2287 1009 2320 tamen
1032 2277 1174 2318 alienis
1197 2276 1383 2334 insidiali
1405 2274 1646 2321 laboxibus,
1669 2279 1735 2314 et

353 2364 476 2413 rapto
497 2353 624 2395 vitam
647 2365 863 2408 quaerere:
890 2357 1011 2406 atque
1029 2348 1189 2390 utinam
1207 2355 1425 2405 raptorum
1445 2344 1613 2387 insidias
1630 2356 1736 2395 11011

352 2425 564 2468 timerent.
587 2422 753 2464 Habent
773 2428 909 2461 tamen
930 2418 1086 2476 spicula
1105 2432 1194 2466 sua,
1209 2425 1251 2459 et
1270 2417 1379 2458 inter
1394 2416 1518 2457 mella
1536 2414 1714 2455 fundunt
1732 2376 1737 2454 1

353 2509 582 2542 venenum,
599 2489 1028 2537 sisuerintlacessitae‚
1047 2488 1289 2544 animasque
1306 2493 1470 2544 ponunt
1486 2484 1528 2526 in
1544 2484 1737 2540 vnlnere

347 2569 501 2609 ardore
533 2563 739 2605 vindictae.
771 2562 881 2619 Ergo
913 2559 1061 2602 mediis
1093 2565 1330 2601 castrorum
1362 2555 1541 2599 vallibus
1564 2552 1737 2594 humor:

347 2639 422 2690 ille
457 2633 562 2680 roris
599 2631 849 2681 infunditur,
874 2624 1178 2690 ‘paulatimque
1210 2641 1412 2687 processu
1446 2620 1645 2682 temporis
1676 2605 1736 2662 in*
