1742 3233
299 280 382 326 286
842 291 873 322 s.
912 295 1101 325 amnuosu

292 378 532 437 accepimus
547 409 558 426 ,
583 376 679 433 quia
701 389 807 431 aqua
830 375 920 431 ejus
935 375 1069 417 vitalis
1096 373 1316 423 asseritur,
1337 381 1380 416 et
1401 388 1492 431 quae
1509 375 1645 418 foveat

292 459 416 507 atque
436 455 598 505 augeat.
627 447 745 488 Unde
761 460 858 487 eum
875 460 1009 486 auxen
1025 445 1300 486 Hebraeorum
1321 452 1363 486 et
1378 444 1647 503 Assyriorum

289 521 518 578 prudentes
536 517 730 559 dixerunt
746 530 755 557 :
778 523 922 557 contra
938 523 1078 556 autem
1090 514 1224 556 fertur
1239 530 1328 556 esse
1347 530 1451 572 aqua
1470 516 1646 558 aliorum

291 589 529 632 fluminum.
555 586 716 628 Deinde
737 585 832 641 quia
855 584 929 626 uhi
951 585 1188 641 prudentia,
1213 585 1270 626 ibi
1291 593 1333 627 et
1354 585 1512 627 malitia
1532 601 1542 627 z
1570 586 1645 628 ubi

287 659 506 706 fortitudo,
521 656 578 698 ibi
589 663 631 697 et
643 654 858 697 iracundia
874 669 883 695 :
902 654 971 695 ubi
984 654 1273 712 temperantia,
1290 654 1346 696 ibi
1356 654 1398 695 in
1412 662 1646 712 temperan-

291 729 346 770 tia
367 730 616 784 plerumque
633 732 695 765 est
710 757 720 772 ‚
745 731 817 764 aut
835 723 912 764 alia
933 723 1029 764 vitia
1047 731 1144 765 sunt
1164 738 1173 764 z
1200 723 1274 765 ubi
1296 731 1437 764 autem
1455 723 1615 780 justitia
1635 756 1646 773 ,

290 798 349 840 ibi
380 793 606 838 concordia
626 792 832 834 virtutum
854 800 916 833 est
939 799 1208 841 caeterarum3
1234 793 1328 834 ideo
1353 807 1440 834 non
1466 807 1517 834 ex
1545 792 1649 834 locis

290 882 372 924 qua
389 866 500 914 fluit,
518 864 599 907 hoc
616 870 695 912 est,
713 877 798 905 non
814 877 865 904 ex
879 869 997 918 parte
1010 862 1288 918 cognoscitur.
1311 861 1403 904 Non
1416 861 1530 903 enim
1546 876 1643 918 pars

289 945 352 979 est
379 934 562 992 justitia,
586 934 660 974 sed
680 931 796 988 quasi
818 939 953 973 mater
974 939 1038 973 est
1059 932 1261 973 omnium.
1290 931 1338 972 In
1365 930 1430 973 his
1450 945 1551 988 ergo
1573 929 1649 972 ssu-

287 1006 471 1049 minibus
483 1012 662 1061 quatuor
674 1002 848 1044 virtutes
867 1002 1126 1059 principales
1143 1010 1323 1058 quatuor
1338 1000 1646 1058 exprimuntur,

292 1092 384 1134 quae
405 1074 534 1118 veluti
556 1073 705 1116 mundi
727 1073 846 1115 istius
864 1073 1126 1116 incluserunt
1142 1081 1345 1129 tempora.

346 1146 468 1192 XIX.
501 1146 689 1188 Primum
711 1144 836 1201 igitur
851 1151 1017 1201 tempus
1034 1159 1085 1185 ex
1104 1142 1257 1185 mundi
1277 1141 1486 1200 principio
1516 1157 1648 1198 usque

290 1218 342 1259 ad
369 1215 572 1258 diluvium
599 1213 833 1271 prudentiae
860 1213 958 1261 fuit,
984 1228 1067 1269 quo
1091 1212 1134 1254 in
1162 1220 1351 1269 tempore
1373 1211 1473 1268 justi
1496 1226 1647 1253 nume-

286 1294 435 1328 rantur
455 1284 563 1326 Abel
582 1299 604 1325 a
617 1284 705 1325 Deo
730 1283 867 1339 justus
886 1283 1021 1324 dictus
1038 1282 1051 1303 ²
1068 1299 1079 1330 ;
1098 1290 1140 1323 et
1153 1282 1288 1329 ·Enos,
1307 1281 1389 1322 hoc
1412 1289 1474 1322 est
1487 1313 1498 1329 ,
1518 1281 1645 1322 homo

287 1357 341 1398 ad
362 1355 587 1412 imaginem
608 1354 684 1396 Dei
704 1352 855 1402 factus,
874 1352 946 1409 qui
961 1352 1141 1409 speravit
1164 1352 1360 1393 invocare
1378 1365 1536 1392 nomen
1558 1350 1645 1392 Do-

285 1426 389 1469 mini
405 1426 507 1474 Dei3
532 1432 575 1466 et
587 1423 736 1465 Enoch
754 1423 824 1479 qui
847 1423 1001 1464 dicitur
1020 1422 1148 1465 latine
1164 1421 1241 1464 Dei
1257 1421 1404 1479 gratia,
1428 1427 1574 1477 raptus
1593 1421 1644 1463 ad

286 1499 463 1545 coelum,
483 1504 524 1538 et
551 1495 640 1538 Noe‘
663 1493 734 1552 qui
761 1502 804 1536 et
826 1494 913 1551 ipse
937 1494 1093 1551 justus,
1122 1500 1164 1534 et
1188 1494 1380 1549 quaedam
1405 1490 1565 1548 requiei
1586 1490 1644 1533 di-

285 1567 430 1609 rectio.

341 1636 439 1679 XX.
476 1635 721 1678 Secundum
744 1641 910 1692 tempus
922 1641 985 1676 est
1006 1633 1220 1675 Abraham
1237 1641 1279 1675 et
1299 1633 1414 1674 Isaac
1432 1639 1473 1673 et
1487 1630 1639 1680 Jacob,

281 1706 625 1762 reliquorumque
646 1716 846 1746 numerus
865 1705 1223 1751 Patriarcharum,
1243 1703 1284 1744 in
1303 1703 1453 1759 quihus
1471 1709 1583 1744 casta
1601 1710 1643 1744 et

281 1792 387 1834 pura
414 1777 601 1833 quaedam
619 1775 895 1833 temperantia
917 1774 1130 1831 religionis
1153 1773 1318 1815 effalsit.
1343 1773 1641 1815 Immaculatus

280 1847 393 1889 enim
415 1848 529 1889 Isaac
552 1862 627 1903 per
650 1838 939 1887 remissionem
965 1846 1144 1888 Abrahae
1167 1846 1287 1887 datus
1310 1852 1373 1886 est
1399 1842 1530 1892 filius,
1556 1857 1640 1885 non

283 1926 369 1960 tam
391 1916 619 1974 corporalis
651 1925 792 1973 partus
823 1932 949 1972 quam
972 1917 1119 1958 divinae
1142 1930 1296 1956 munus
1327 1912 1551 1971 praeferens
1582 1913 1640 1954 in-

282 1988 507 2045 dulgentiae
527 2021 538 2037 ,
576 1987 617 2028 in
651 2001 732 2043 quo
765 2001 863 2028 vere
894 1986 1150 2027 immaculati
1184 1984 1317 2042 figura
1352 1982 1563 2040 praecessit
1592 1990 1640 2024 ut

278 2059 510 2116 ,Apostolus
532 2059 657 2099 docet
674 2057 816 2098 dicens
837 2072 846 2097 ε
873 2056 981 2108 Quia
1009 2074 1024 2095 «
1044 2055 1223 2098 Abrahae
1241 2054 1362 2096 ‹lictae
1385 2060 1483 2094 sunt
1498 2065 1639 2110 repro-

282 2150 298 2171 »
312 2130 554 2178 missiones,
575 2137 616 2171 et
634 2128 782 2170 semini
803 2127 906 2184 ejus.
934 2127 1027 2169 Non
1051 2126 1177 2175 dicit,
1203 2133 1245 2166 et
1268 2123 1518 2183 seminibus,
1543 2129 1638 2163 tan-

280 2220 297 2241 »
311 2215 439 2258 quam
460 2200 503 2241 in
524 2199 665 2241 multis
681 2215 692 2246 3
716 2199 789 2240 sed
809 2197 916 2239 sicut
933 2197 974 2238 in
994 2212 1080 2238 uno
1098 2230 1108 2246 ,
1133 2203 1174 2237 ct
1195 2194 1342 2237 semini
1364 2202 1460 2242 tuo,
1481 2192 1554 2249 qui
1574 2200 1637 2234 est

282 2271 506 2313 »Christus
523 2269 552 2311 ².
576 2287 593 2308 »

338 2339 458 2383 XXI.
497 2339 686 2381 Tertium
703 2346 869 2395 tempus
885 2345 947 2379 est
970 2337 1011 2378 in
1032 2337 1163 2394 Moysi
1184 2337 1276 2392 lege
1293 2344 1335 2378 et
1358 2334 1515 2385 caeteris
1531 2333 1634 2376 Pro-

280 2410 429 2467 phetis.
467 2427 482 2448 «
502 2408 682 2451 Deficiet
698 2409 810 2450 enim
834 2423 901 2449 me
921 2416 1086 2464 tempus
1109 2407 1343 2448 enarrando
1362 2407 1412 2448 de
1436 2404 1630 2452 Gedeon,

277 2498 295 2520 »
308 2481 457 2528 Barac,
479 2480 699 2537 Sampson,
719 2478 869 2526 David,
888 2478 1125 2526 Salomone,
1144 2485 1185 2519 ct
1205 2476 1397 2524 Samuel,
1416 2483 1458 2516 et
1473 2472 1632 2515 caeteris

279 2551 552 2609 »Prophetis,
583 2549 766 2599 Anania,
797 2548 965 2597 Azaria,
1002 2547 1166 2597 Misae'l,
1194 2555 1237 2591 et
1259 2546 1429 2596 Daniel,
1454 2544 1567 2593 Elia,-
1591 2550 1633 2586 et

323 2651 337 2691 ι’
353 2641 472 2678 Matth.
490 2650 589 2682 xxm,
607 2641 661 2674 35.
678 2659 719 2668 -
736 2650 749 2666 ²
767 2639 844 2675 Gal.
863 2650 914 2681 111,
939 2640 989 2672 16.
