1742 3233
0 469 3 516 l

496 340 547 372 ms
583 342 788 372 Anulum.
829 340 907 371 mn.
946 344 971 370 ῑ,
1290 375 1293 378 ,
1330 322 1414 373 ’32ίῖ

64 426 191 465 mune
217 423 226 463 :'
252 414 365 478 quod
384 418 555 478 pudoris
572 428 649 469 est,
676 418 884 478 integrum
907 428 1047 461 manet
1070 419 1195 463 Sarae.
1224 418 1332 463 Ante
1357 430 1415 463 ta-

63 491 340 536 bernaculum
361 490 421 535 vir
443 490 657 550 hospitum
684 492 871 548 explorat
895 489 1094 532 adventus
1118 491 1254 532 :intra
1274 492 1414 533 taber-

62 564 260 605 naculum
300 561 400 603 Sara
440 567 582 603 tuctur
625 561 804 602 foeminae
835 560 1137 610 ,verecundiam
1158 593 1168 608 ‚
1209 570 1250 603 et
1287 577 1414 619 opera

62 631 281 688 muliebria
299 638 390 673 tuto
408 638 573 672 exercet
589 631 760 688 pudore.
785 629 904 671 Foris
926 630 1100 671 maritus
1119 630 1278 679 invitat,
1302 632 1414 674 intus

63 698 163 743 Sara
186 700 422 743 convivium
442 701 627 742 adornat.
651 700 735 742 Nec
755 700 888 740 solum
903 699 989 756 ipse
1006 699 1411 749 festinatAbraham,

63 772 135 813 sed
157 771 282 813 etiam
306 771 589 813 festinandum
623 769 723 811 dicit
747 769 889 818 uxori,
915 770 1070 811 sociam
1094 770 1324 812 devotionis
1346 786 1415 812 os-

62 841 176 890 tens‘,
199 857 276 883 nee
302 841 382 883 fide
405 842 627 899 disparem.

118 910 357 953 XXXVIII.
378 928 392 949 α
418 911 672 968 Conqmrge,
698 910 853 966 inquit,
881 918 962 952 tres
985 925 1199 951 mensuras
1222 909 1413 967 similagi-

61 998 76 1018 »
90 979 169 1028 nis,
194 988 236 1022 et
255 980 319 1022 sae
341 981 631 1022 subcinericia.
656 981 801 1022 Graeco
820 984 978 1034 ἐγκρύφια
997 979 1210 1028 (licuntur,
1235 981 1316 1021 hoc
1335 989 1411 1029 est,

62 1049 330 1098 abscondita3
358 1065 407 1091 eo
437 1052 549 1106 quod
577 1052 706 1092 latere
732 1050 882 1091 debeat
915 1043 1039 1091 omne
1070 1049 1320 1105 mysterium
1337 1082 1347 1097 ,
1372 1058 1415 1091 et

60 1118 175 1174 quasi
198 1119 350 1176 operiri
372 1118 456 1160 fido
486 1120 672 1167 silentio,
705 1135 758 1160 ne
787 1118 971 1176 profanis
997 1126 1154 1159 temere
1177 1118 1416 1175 divulgetur

61 1187 241 1229 auribus.
259 1184 365 1230 ‘Hoc
391 1188 577 1245 pascitur
601 1189 738 1230 divina
759 1188 955 1245 majestas
970 1221 980 1236 ‚
1003 1188 1116 1230 hune
1140 1190 1334 1245 epulatur
1356 1189 1417 1230 as-

59 1256 238 1306 seetum,
261 1258 330 1313 qui
352 1272 504 1314 parcus
526 1259 726 1314 loquendi
750 1259 823 1306 sit,
848 1273 926 1299 nec
944 1273 1059 1299 sacra
1079 1258 1121 1299 in
1142 1259 1328 1299 medium
1352 1258 1415 1300 se-

58 1334 133 1367 rat.
157 1327 345 1368 Breviter
367 1335 508 1368 autem
531 1326 627 1368 fidei
656 1328 905 1384 mysterium
923 1329 1047 1369 docet
1069 1328 1168 1369 Sara
1182 1360 1193 1376 ,
1218 1328 1341 1368 unius
1359 1327 1415 1369 si-

57 1395 264 1451 milaginis
279 1403 360 1436 tres
376 1411 592 1437 mensuras
610 1396 782 1445 faciens,
803 1412 894 1452 quae
912 1405 1060 1453 typum
1077 1397 1273 1438 Ecclesiae
1288 1397 1416 1439 habet

59 1465 127 1507 cui
161 1465 314 1506 dieitur
339 1481 381 1506 z«
401 1465 561 1507 Laetare
586 1466 760 1514 sterilis,
782 1481 873 1522 quae
904 1481 987 1506 non
1011 1466 1120 1522 paris
1141 1481 1150 1506 ε
1172 1482 1345 1523 erumpe
1374 1475 1416 1509 et

59 1554 74 1574 »
90 1537 238 1583 clama,
256 1550 346 1592 quae
360 1534 659 1592 nonparturis¹
672 1568 680 1577 .
697 1536 794 1576 Haee
807 1543 868 1577 est
886 1535 998 1576 enim
1017 1550 1108 1590 quze
1122 1535 1267 1576 intimo
1286 1536 1413 1577 fidem

60 1606 209 1663 spiritu
224 1605 358 1654 fovet,
378 1605 568 1662 ejusdem
580 1605 816 1646 Divinitatis
833 1620 1020 1647 asserens
1041 1606 1305 1655 Trinitatem,
1325 1607 1414 1664 pari

59 1677 239 1732 quadam
261 1691 459 1717 mensura
488 1684 610 1731 atque
629 1675 858 1716 reverentia
874 1675 1058 1723 Patrem,
1079 1675 1317 1731 Filiumque
1332 1708 1343 1724 ‚
1372 1685 1415 1717 et

60 1755 251 1788 sanctum
269 1746 445 1787 adorans
469 1745 696 1803 Spiritum,
722 1753 764 1786 et
787 1745 1016 1801 majestatis
1039 1746 1197 1788 unitate
1220 1749 1415 1788 concele—

58 1817 184 1858 brans
199 1849 209 1864 ,
227 1831 586 1874 personarumque
608 1815 864 1872 proprietate
883 1815 1140 1872 distinguens
1154 1849 1164 1864 ‚
1192 1816 1269 1858 hae
1295 1818 1415 1859 devo-

62 1886 217 1927 tionem
240 1894 356 1927 tuam
383 1885 481 1927 fidei
507 1885 733 1926 assertione
761 1899 1001 1942 consperge.

119 1955 325 1998 XXXIX.
344 1954 494 1997 Mulier
516 1954 791 2011 similaginem
811 1954 959 1996 offerat
973 1989 983 2003 ‚
1008 1955 1091 1997 hoe
1111 1964 1195 2003 est,
1221 1955 1416 1998 interiora

60 2025 252 2083 spiritalis
268 2024 468 2065 frumenti
489 2026 555 2065 vel
576 2023 691 2080 grani
710 2024 819 2065 illius
838 2024 888 2065 de
914 2040 996 2081 quo
1022 2025 1182 2066 dictum
1204 2035 1280 2074 est,
1302 2027 1416 2083 quod

59 2095 137 2136 nisi
166 2095 208 2135 in
225 2102 380 2136 terram
398 2093 621 2142 ceciderit,
649 2095 811 2135 nullum
835 2094 1021 2136 fructum
1046 2094 1204 2137 afferat.
1235 2097 1265 2137 [J
1272 2098 1354 2138 nde
1376 2106 1417 2139 et

58 2164 192 2221 prima
212 2164 316 2206 vidit
338 2163 466 2206 Maria
495 2163 716 2205 dominicae
741 2164 1061 2205 resurrectionis
1079 2165 1326 2221 mysterium
1341 2198 1351 2214 ,
1376 2175 1420 2209 et

58 2234 265 2276 festinavit
291 2249 376 2276 non
397 2234 550 2291 passim
578 2234 797 2282 omnibus,
829 2233 901 2274 sed
929 2234 1025 2275 solis
1044 2234 1168 2275 Petro
1192 2243 1234 2276 et
1262 2234 1414 2276 Joanni

60 2305 252 2346 intimare
272 2319 398 2346 sacrae
417 2304 556 2346 salutis
577 2304 786 2345 nuntium.
801 2303 1024 2344 Vircurrat
1042 2304 1253 2352 adhoves,
1279 2315 1417 2347 sumat

58 2374 236 2415 vitulum
251 2407 261 2422 ,
292 2382 334 2414 et
373 2382 683 2422 sacramentum
721 2372 941 2413 dominicae
977 2372 1179 2429 passionis
1219 2373 1413 2415 festinato

59 2443 235 2499 impiger
262 2441 423 2490 studio,
452 2457 538 2483 non
564 2445 677 2484 lento
712 2443 797 2482 otio
831 2442 1028 2483 remissus
1056 2442 1252 2498 accipiat,
1279 2445 1416 2486 tradat

60 2514 164 2555 illud
191 2527 321 2571 puero
349 2513 419 2569 qui
450 2512 735 2554 innocentiam
758 2520 911 2552 tenerae
935 2520 1070 2553 servet
1097 2512 1248 2559 aetatis,
1269 2513 1413 2555 dolum

60 2583 233 2632 nesciat,
255 2582 426 2626 referire
446 2597 531 2625 non
551 2581 729 2631 noverit,
754 2580 988 2637 incorrupti
1013 2580 1198 2637 corporis
1216 2581 1413 2624 castimo—

100 2681 116 2696 ⁴
140 2672 218 2705 Isa'i.
236 2681 299 2710 mv,
319 2683 347 2705 ι.
