1747 3260
436 250 722 278 REXAEMERON.
761 251 838 278 Lm.
877 251 930 278 15⁷.
1314 242 1333 253 ⁹

1285 258 1366 301 1³9

13 341 89 382 tet,
117 331 230 389 qnod
253 339 313 372 est
343 328 587 386 insipientiae
609 337 649 371 et
673 329 914 371 inscientiae.
947 329 1063 372 Unde
1086 338 1126 372 et
1150 331 1365 390 Scriptura

16 403 71 446 ait
95 417 137 444 t«
155 402 313 443 Stultus
334 407 380 440 ut
401 401 499 441 luna
522 397 746 440 mutaturf'.
768 417 782 437 n
797 398 848 440 E't
865 398 957 441 ideo
979 399 1142 457 sapiens
1160 417 1244 444 non
1266 418 1363 448 cum

15 473 116 517 luna
140 479 349 518 mutatum
377 470 448 510 sed
470 469 732 526 permanehit
763 483 861 510 cum
893 470 989 510 sole.
1021 470 1138 511 [nde
1165 486 1248 513 non
1271 474 1368 516 luna

17 552 82 587 est
102 541 308 600 particeps
335 539 542 587 stultitiae3
566 540 660 596 quia
682 555 767 581 non
790 541 888 581 luna
915 548 1102 583 mutatur
1126 551 1172 584 ut
1195 546 1366 595 stultus,

19 613 94 657 sed
115 613 265 654 stultus
276 619 322 652 ut
337 611 448 652 luna.
470 609 659 665 Denique
673 625 813 651 semen
830 610 930 666 justi
948 611 1055 653 sicut
1071 613 1168 653 luna
1185 614 1369 670 perfecta

21 683 64 726 in
81 690 283 724 aeternmn
305 687 468 728 manet,
489 687 528 721 et
548 679 661 720 testis
678 679 719 720 in
741 680 846 721 coelo
870 678 1015 722 fidelis.
1043 680 1169 723 Aliud
1182 684 1293 725 enim
1312 694 1374 728 est

21 752 137 810 fungi
161 750 407 799 ministerio,
426 749 538 791 aliud
561 748 819 790 circumferri
838 749 1018 807 ingenio,
1039 759 1077 793 et
1097 767 1240 795 sensus
1258 754 1375 798 infir--

24 824 168 867 mitate
188 821 310 863 fixam
327 836 412 862 non
435 820 591 862 habere
614 820 876 862 sententiam.
898 821 1013 862 Luna
1037 838 1110 878 pro
1135 831 1173 864 te
1196 825 1374 876 laborat,

26 901 68 935 et
86 900 254 950 propter
277 893 536 933 voluntatem
549 890 626 931 Dei
648 891 812 932 subdita
830 899 903 932 est.
923 890 1103 933 Vanitati
1127 894 1238 934 euim
1262 910 1380 937 crea-

21 971 116 1007 tura
139 963 329 1019 subjecta
350 970 411 1003 est
431 977 513 1003 non
534 969 697 1018 sponte,
725 962 798 1003 sed
820 970 991 1018 propter
1010 977 1122 1010 eum,
1149 965 1220 1019 qui
1243 967 1380 1022 subje-

23 1034 79 1078 cit
102 1033 144 1074 in
167 1049 250 1090 spe.
279 1033 351 1074 Illa
375 1047 472 1088 ergo
496 1046 580 1072 non
605 1028 751 1088 sponte
772 1039 984 1073 mutatur:
1013 1041 1055 1073 tu
1075 1042 1223 1090 sponte
1247 1045 1380 1078 muta-

23 1104 94 1147 ris.
123 1104 197 1146 Illa
219 1102 490 1159 congemiscit
512 1110 553 1143 et
577 1102 852 1159 comparturit
879 1102 919 1143 in
943 1119 1015 1144 sua
1038 1105 1269 1147 mutatione
1296 1123 1304 1148 :
1337 1118 1382 1151 tu

23 1190 110 1216 11011
134 1173 346 1230 intelligis,
375 1181 413 1213 ct
438 1172 654 1230 gratularis
679 1172 931 1228 frequenter.
959 1173 1031 1214 Illa
1052 1181 1166 1215 tuam
1186 1178 1383 1236 redemp-

27 1245 185 1287 tionem
213 1243 450 1299 frequenter
477 1249 694 1299 expectat,
725 1250 772 1283 ut
800 1257 820 1283 a
849 1243 1064 1284 communi
1098 1245 1224 1287 totius
1259 1262 1380 1289 crea-

28 1324 132 1358 turae
165 1314 329 1357 servitio
364 1313 566 1354 liberetur
592 1327 600 1353 ε
630 1321 676 1354 tu
706 1320 748 1354 et
770 1320 849 1353 ture
872 1313 1170 1370 redemptioni,
1201 1324 1241 1357 et
1277 1317 1384 1360 1111115

30 1386 218 1430 libertati
234 1384 353 1426 affers
375 1383 736 1441 impedimentum.
760 1383 858 1424 Tuae
876 1399 973 1440 crgo
991 1399 1074 1424 non
1099 1400 1181 1425 suae
1205 1376 1389 1429 stultitia}

31 1465 120 1505 est,
146 1456 258 1512 quod
282 1456 383 1495 dum
407 1462 450 1495 tu
471 1453 724 1511 expectaris,
745 1462 786 1495 et
801 1469 879 1495 nec
899 1469 989 1495 sero
1013 1456 1287 1505 converteris,
1313 1459 1387 1501 ad-

34 1528 119 1571 11110
142 1536 183 1569 et
202 1528 267 1568 illa
289 1534 488 1567 mutatur.
983 1581 988 1587 ¹
1037 1523 1041 1526 ⁴

97 1597 280 1642 XXXII.
320 1596 413 1639 Noli
434 1611 532 1653 ergo
555 1597 698 1637 lunam
722 1596 844 1637 oculo
867 1595 927 1637 tui
952 1597 1137 1654 corporis
1156 1599 1358 1642 {estimare
1377 1634 1386 1650 ‚

36 1670 112 1711 sed
128 1668 279 1710 mentis
301 1666 533 1708 vivacitate.
561 1665 762 1708 Minuitur
777 1667 875 1707 luna
891 1699 903 1714 ,
923 1674 968 1707 ut
990 1668 1197 1710 elementa
1220 1672 1391 1727 repleat.

38 1738 129 1782 Hoc
151 1746 212 1779 est
233 1736 507 1793 vere‘grande
528 1735 789 1793 mysterium.
817 1736 998 1779 Donavit
1019 1736 1100 1778 hoc
1117 1737 1179 1786 ei,
1206 1739 1278 1795 qui
1302 1755 1396 1783 om-

41 1809 165 1852 nibus
203 1807 369 1850 donavit
398 1807 584 1864 gratiam.
619 1806 855 1847 Exilianivit
880 1821 971 1847 eam
990 1839 1001 1855 ‚
1031 1814 1078 1847 ut
1108 1809 1291 1865 repleat,
1324 1811 1398 1867 qui

42 1880 169 1922 etiam
188 1894 229 1920 se
248 1876 486 1925 exinanivit,
508 1884 551 1917 ut
573 1891 717 1917 omnes
735 1877 929 1933 repleret.
951 1876 1188 1919 Exinanivit
1200 1880 1313 1922 enim
1335 1897 1394 1931 se,

43 1956 93 1991 1'1t
117 1950 390 1991 descenderet
412 1946 533 1988 nohis
555 1961 563 1987 :
590 1945 808 1988 descendit
829 1945 967 1994 nobis,
991 1949 1300 1991 utascenderet
1316 1966 1403 1992 om<-

46 2020 184 2063 nibus.
220 2017 459 2060 «Ascendit
492 2017 624 2066 enim,
650 2016 809 2073 inquit,
849 2032 973 2073 super
1004 2031 1150 2058 omnes
1180 2021 1326 2069 coelos,
1357 2030 1405 2064 ut

48 2090 271 2146 »impleret
295 2087 435 2129 onmia
453 2086 481 2128 ².
510 2105 524 2125 »
560 2088 704 2142 ltaque
728 2086 799 2142 qui
823 2101 845 2127 e
866 2086 1059 2129 ‘inanitus
1081 2080 1325 2137 advenerat,
1354 2093 1407 2134 de

50 2158 311 2218 plenitudine
343 2173 414 2199 sua
442 2156 664 2214 Apostolos
696 2155 949 2213 adimplevit.
983 2156 1101 2196 [nde
1132 2172 1241 2200 unus
1267 2174 1317 2200 ex
1344 2159 1407 2202 his

54 2229 178 2272 dicit:
199 2228 306 2271 Nam
334 2246 349 2266 «
364 2228 432 2280 De
439 2226 699 2285 plenitudine
721 2225 811 2282 ejus
828 2240 973 2267 omnes
990 2240 1065 2266 nos
1083 2227 1368 2284 accepimus-³.

55 2300 166 2358 Ergo
189 2298 449 2342 annuntiavit
475 2300 573 2339 luna
600 2312 672 2344 m5
676 2296 848 2338 sterium
877 2287 1044 2337 Christi.
1073 2295 1166 2338 'Non
1192 2299 1416 2342 mediociis

0 2394 1 2398 =
56 2370 107 2412 111·
128 2385 208 2427 qua
237 2370 400 2426 sigrum
430 2367 571 2426 posuit
600 2381 750 2409 suum:
783 2381 868 2407 non
893 2365 1096 2408 medlocl
1086 2381 1117 2407 15
1149 2381 1241 2423 quae
1270 2376 1419 2426 t5pum

60 2440 223 2483 dilectae
242 2439 372 2481 habet
392 2438 616 2487 Ecclesiae,
643 2437 757 2494 quod
778 2434 986 2494 significat
1006 2435 1215 2493 Propheta
1238 2438 1416 2483 dicens:

69 2528 91 2553 a
108 2511 279 2555 orietur
297 2510 344 2553 in
365 2510 511 2554 diebus
538 2509 630 2567 ejus
645 2508 821 2566 justitia,
845 2516 887 2550 et
909 2507 1164 2551 abundantia
1181 2509 1324 2568 pacis,
1345 2512 1423 2555 do-

110 2611 120 2629 ¹
141 2601 241 2636 Eccli.
256 2613 360 2643 xxvu,
383 2612 429 2637 12.
449 2586 514 2628 —V²
532 2600 650 2646 Ephes.
670 2607 718 2642 lv,
738 2609 787 2633 ιο.
805 2617 846 2625 —-
861 2600 874 2625 ³
894 2598 988 2633 Joan.
1005 2609 1031 2639 1,
1053 2598 1104 2634 16.
