1742 3233
362 304 446 352 4¹20
907 316 936 342 s.
977 315 1165 345 AMBROSH

359 394 470 441 odio,
488 400 557 434 aut
570 391 758 449 passione
776 392 874 440 ulla,
896 401 1143 448 provocatus
1154 393 1343 435 videatur
1357 395 1406 436 ad
1427 394 1703 438 iracundiam.
1738 358 1742 440 i

417 464 471 505 X.
508 463 719 504 lllinitatus
739 471 1009 519 estpraetoroa
1027 465 1139 514 quod
1156 465 1315 505 deleret
1336 464 1552 506 hominem
1573 481 1582 506 :
1608 484 1623 504 «
1640 467 1705 508 Ab

363 552 377 571 >›
391 533 585 580 homine,
606 533 759 588 inquit,
784 548 918 588 usque
940 534 991 573 ad
1007 548 1151 589 petum,
1175 541 1216 574 et
1234 549 1254 574 a
1274 534 1494 591 reptilibus
1509 550 1639 591 usque
1657 538 1710 578 ad

362 602 572 643 »volatilia
601 601 694 642 coeli
722 602 870 642 delebo
896 600 926 643 ¹.
961 619 976 640 »
1009 602 1122 652 Quid
1152 604 1343 644 laeserant
1373 603 1709 645 irrationabilia?

361 673 444 715 Sed
461 672 556 728 quia
573 680 745 729 propter
761 671 974 713 hominem
987 672 1052 713 illa
1066 672 1171 714 sacta
1189 681 1323 722 erant,
1344 688 1393 715 eo
1411 673 1554 729 utique
1573 673 1709 716 deleto

362 750 534 799 propter
555 757 681 797 quem
703 742 810 782 facta
828 750 939 790 sunt,
964 756 1222 798 consequens
1239 750 1328 784 erat
1349 751 1395 784 ut
1411 742 1537 784 etiam
1559 743 1627 784 illa
1645 744 1712 785 de—
1730 789 1731 792 Ἴ

364 814 551 854 lerentur
564 828 574 859 3
589 812 685 867 quia
695 825 778 852 non
790 819 878 852 erat
889 811 958 866 qui
970 811 1033 852 his
1048 820 1247 853 uteretur.
1268 812 1400 853 Sensu
1413 820 1552 853 autem
1566 812 1711 854 altiore
1729 846 1730 851 ,

367 883 472 924 illud
493 880 804 928 manifestatur,
832 880 927 936 quia
951 880 1078 921 homo
1104 896 1221 922 mens
1253 889 1314 922 est
1338 895 1430 937 quae
1453 888 1516 921 est
1540 880 1709 935 rationis

356 967 487 1008 capax
510 967 521 998 ;
546 950 674 991 homo
695 949 807 991 enim
831 948 1028 991 definitur
1057 950 1208 991 animal
1230 950 1390 998 vivum,
1421 950 1619 997 mortale,
1640 964 1710 991 ra·-

364 1021 530 1062 lionale.
557 1019 780 1075 Principali
802 1019 926 1075 igitur
941 1019 1123 1060 extincto
1137 1052 1148 1067 ,
1168 1020 1291 1061 etiam
1320 1020 1463 1060 sensus
1484 1018 1620 1060 omnis
1635 1034 1709 1060 ex-

361 1091 589 1147 tinguitur3
617 1105 665 1131 eo
689 1090 801 1144 quod
822 1088 926 1130 nihil
947 1088 1093 1144 reliqui
1116 1090 1167 1130 ad
1190 1090 1365 1130 salutem
1388 1087 1589 1145 supersit,
1610 1102 1707 1130 cum

362 1161 505 1202 salutis
522 1159 842 1200 fundamentum
860 1157 989 1199 virtus
1007 1158 1216 1199 defecerit.
1238 1157 1706 1200 Adcondemnationem

363 1236 505 1270 autem
527 1235 796 1275 caeterorum,
820 1235 861 1269 et
889 1228 940 1267 ad
960 1227 1266 1283 expressionem
1288 1226 1452 1284 pietatis
1477 1226 1624 1268 divinae
1649 1227 1707 1268 di-

361 1299 469 1340 citur
491 1297 578 1339 Noe
601 1298 712 1353 apud
731 1297 867 1337 Deum
889 1296 1061 1352 gratiam
1078 1296 1292 1338 invenisse.
1318 1295 1452 1337 Simul
1473 1296 1706 1338 ostenditur

362 1370 476 1425 quod
506 1367 721 1409 hominem
749 1366 907 1423 justum
935 1381 1018 1407 non
1040 1367 1265 1408 obumbret
1294 1367 1468 1408 aliorum
1498 1366 1670 1408 offensio
1689 1399 1700 1416 ,

357 1438 525 1495 quando
547 1437 634 1494 ipse
657 1438 707 1477 ad
728 1435 853 1484 totius
876 1436 1037 1492 generis
1058 1448 1293 1478 reservatur
1319 1436 1587 1478 seminarium
1601 1469 1611 1485 ,
1633 1437 1705 1493 qui

351 1523 436 1550 non
469 1506 746 1565 generationis
779 1505 994 1547 nobilitate
1015 1538 1025 1554 ,
1062 1508 1132 1547 sod
1162 1505 1327 1561 justitiae
1358 1513 1399 1547 et
1430 1505 1695 1562 perfectionis

358 1578 507 1621 merito
532 1578 737 1618 laudatur.
759 1575 927 1617 Probati
948 1576 1060 1616 enim
1081 1576 1156 1617 viri
1178 1591 1307 1632 genus
1327 1575 1489 1617 virtutis
1509 1576 1702 1632 prosapia

360 1657 453 1696 est3
489 1647 584 1703 quia
615 1646 721 1687 sicut
749 1644 970 1686 hominum
996 1638 1124 1702 genus
1146 1646 1356 1694 homines,
1390 1645 1446 1687 ita
1470 1645 1702 1688 animarum

354 1733 485 1776 genus
511 1717 684 1759 virtutes
713 1723 819 1757 sunt.
847 1715 1014 1757 Etenim
1041 1716 1203 1757 familiae
1227 1715 1447 1756 hominum
1481 1716 1702 1772 splendore

349 1787 513 1846 generis
542 1786 818 1829 nobilitantur
841 1801 849 1827 ε
881 1785 1114 1828 animarum
1137 1793 1276 1829 autem
1297 1784 1550 1828 clarificatur
1571 1785 1701 1843 gratia

356 1860 571 1916 splendore
587 1857 760 1899 virtutis.

395 1979 403 1995 ³
425 1971 506 2002 Gen.
525 1979 569 2005 vu,
586 1980 617 2011 7.
