1742 3233
64 347 172 380 Cnur
184 345 284 378 xix.
297 343 458 377 Laudatur
467 342 509 375 ob
526 343 714 379 viduitatem
731 348 848 380 turtur,
864 348 896 376 et
910 343 970 380 hoc
980 344 1110 377 nomine
1122 341 1309 377 mulieribus

105 399 312 443 anteponitur
327 398 422 430 etiam
435 396 624 430 christianis.
1356 397 1416 429 208

64 454 171 487 CAPUT
188 453 266 486 XX.
288 452 438 485 Vultures
453 475 461 487 ,
479 460 549 493 quac
565 450 632 483 sine
646 449 741 483 maris
758 449 871 495 copula
888 450 1016 494 gignere
1032 450 1196 488 dicuntur,
1210 450 1313 493 virgi-

106 507 157 539 nei
175 512 284 549 partus
296 504 536 549 possibilitatem
552 510 704 538 astruere.
1358 514 1420 546 ²09

63 563 172 595 Cipum
187 559 286 593 XXI.
307 559 356 591 De
373 558 482 590 avibus
494 558 551 591 sub
565 559 701 603 quadam
717 559 902 603 reipublicae
920 560 1021 594 forma
1034 559 1223 593 constitutis.
1243 559 1309 592 Ubi

106 613 264 657 praecipue
285 611 324 644 de
347 611 458 654 apibus
469 637 477 649 ‚
499 609 601 656 deque
617 623 726 645 earum
742 613 881 646 mirabili
899 619 1011 647 natura
1027 614 1058 646 in
1075 613 1172 656 prolis
1186 623 1313 655 genera-

106 668 205 704 tione,
222 666 254 698 in
270 665 353 709 regis
371 665 571 699 institutione
587 677 622 699 ac
638 666 699 699 fide
713 677 784 709 erga
804 667 906 707 illum,
923 667 956 701 in
972 667 1208 701 constructione
1222 666 1314 699 savo—

105 730 187 756 rum,
204 719 390 756 collectione
405 719 519 759 mellis,
533 730 660 752 necnon
674 720 741 763 ejus
756 720 909 761 utilitate,
927 726 989 754 etc.
1360 729 1420 752 210

65 774 173 807 Cum
196 772 313 806 XXII.
339 773 487 806 Volatilia
513 784 569 806 cur
596 774 772 807 dicuntur:
801 775 941 807 volantia
965 784 1059 817 super·
1082 779 1197 808 terram
1221 784 1309 806 secus

106 830 344 871 firmamentum
360 829 440 860 cccli.
458 829 564 873 Atque
577 828 696 861 ibidem
710 828 749 861 de
762 839 796 861 ea
809 854 816 866 ,
835 840 906 873 quae
919 829 1109 861 observatur
1123 828 1157 860 in
1175 827 1286 861 avibus
1299 850 1310 867 ,

105 881 248 924 corporis
263 882 456 915 diversitate.
472 882 635 915 Postremo
652 882 812 922 nonnulla
829 882 868 916 de
886 893 989 927 cygno
1012 889 1045 916 et
1062 882 1169 916 cicada
1186 882 1317 926 subjun-

115 941 245 978 guntur.
1035 927 1039 929 i
1363 935 1424 974 ²14

71 989 179 1020 CAPUT
197 989 335 1021 XXIII.
361 990 410 1022 De
430 1000 539 1023 verme
567 990 684 1028 indico,
707 991 955 1030 chamaeleonte,
972 991 1083 1033 lepore
1097 1000 1134 1025 ac
1150 988 1313 1032 phoenice,

115 1041 228 1084 quibus
255 1042 294 1074 ad
322 1041 418 1075 fidem
444 1044 688 1077 resurrectionis
717 1055 752 1077 ac
778 1045 890 1077 mortis
918 1043 1184 1087 praeparationem
1216 1042 1318 1075 infor-

113 1101 231 1128 matur.
248 1097 297 1128 De
313 1096 509 1138 praescientia
526 1098 710 1135 vulturum,
742 1104 774 1131 et
797 1099 925 1130 locustae
940 1097 980 1129 ad
996 1097 1150 1130 ultionem
1174 1096 1316 1128 divinam

115 1150 333 1192 exequendam
350 1151 539 1190 ministerio,
556 1162 626 1195 quae
640 1157 744 1189 tamen
763 1162 778 1183 a
797 1152 919 1184 Seleuci
936 1162 992 1183 ave
1009 1151 1192 1185 devoratur.
1365 1149 1427 1180 216

72 1205 181 1236 Cipum
196 1204 329 1237 XXIV.
349 1205 397 1236 De
414 1206 579 1237 nocturnis
598 1206 727 1246 avibus,
746 1207 902 1250 imprimis
925 1206 964 1238 de
978 1205 1118 1238 lusciniae
1141 1204 1322 1237 incubantis

115 1264 229 1295 cantu;
255 1259 294 1290 de
315 1265 429 1292 noctua
441 1283 451 1299 ‚
469 1260 692 1303 vespertilione
708 1256 738 1294 et
754 1262 835 1304 gallo
850 1273 858 1299 ;
875 1260 958 1293 unde
974 1259 1124 1292 nonnulla
1142 1259 1181 1291 ad
1197 1264 1322 1301 nostros

115 1323 218 1344 mores
232 1313 525 1350 accommodantur.
1367 1321 1429 1353 219

73 1364 183 1397 cmm
201 1366 313 1398 XXV.
330 1366 386 1398 Pia
405 1367 544 1400 auctoris
560 1368 709 1411 precatio.
729 1369 958 1412 Lacrymarum
981 1366 1231 1402 commendatio.
1259 1365 1323 1399 Di-

117 1420 222 1452 missio
236 1421 419 1453 auditorum
436 1422 476 1454 ad
498 1422 715 1466 resectionem.
730 1423 879 1467 Denique
890 1422 930 1461 ad
943 1421 1092 1468 mysteria
1107 1420 1238 1467 Domini
1251 1430 1322 1453 cor-

118 1485 204 1517 poris
220 1476 378 1509 invitatio.
1370 1485 1429 1507 222

0 0 11 285 l
670 267 805 303 mmzx.
871 262 875 263 ’
1032 276 1035 279 ·
1331 255 1418 311 647

0 563 3 590 ι

0 644 1 694 l

0 697 1 742 l

643 1595 778 1628 LIBER
804 1595 865 1628 vl.

564 1730 602 1751 m:
628 1729 730 1751 OPERE
755 1729 849 1751 SEXTI
875 1728 958 1751 DIEI·

77 1853 223 1885 Cum-11.
243 1852 356 1884 Ultimi
370 1852 461 1894 hujus
476 1851 628 1884 sermonis
642 1851 810 1890 difficultas
824 1852 969 1894 exemplo
979 1853 1171 1892 certantium
1190 1853 1223 1885 in
1238 1853 1324 1885 ludis

119 1907 255 1949 publicis
270 1906 466 1949 explicatur;
495 1912 591 1949 atque
612 1917 629 1938 a
654 1917 773 1944 rerum,
798 1906 839 1938 de
859 1907 974 1949 quibus
989 1907 1104 1949 agitur,
1125 1907 1329 1949 jucunditate

121 1961 321 2003 utilitateque
336 1960 523 1993 conciliatur
544 1960 691 1992 attentio.
1376 1962 1436 1999 224

78 2018 189 2049 CAPUT
214 2016 264 2046 Il.
283 2016 333 2047 Ad
351 2015 550 2047 tractandum
578 2015 617 2047 de
642 2015 814 2048 bestiarum
831 2022 945 2049 natura
973 2016 1159 2048 Ambrosius
1183 2016 1328 2051 accedit:

121 2070 318 2112 Scripturam
340 2069 525 2111 simpliciter
549 2069 767 2111 accipiendam
795 2069 910 2106 docet:
937 2070 1078 2103 instituit
1094 2069 1139 2101 sui
1159 2080 1229 2101 cum
1248 2081 1329 2112 pau-

122 2135 195 2167 pere
209 2124 341 2155 conviva
358 2123 644 2165 comparationem:
663 2123 800 2155 curiosas
816 2124 1004 2167 quaestiones
1018 2123 1181 2166 fugiendas
1195 2130 1325 2162 monet;

122 2188 254 2219 eamque
271 2187 338 2209 rem
354 2177 471 2220 Moysis
485 2177 650 2209 confirmat
666 2178 823 2219 exemplo.
1367 2180 1430 2210 226

81 2233 188 2264 CAPUT
216 2232 282 2264 ΙΙΙ.
311 2232 539 2267 Animantihus
566 2232 700 2264 inditam
730 2233 788 2264 Dei
812 2233 910 2265 verbo
935 2231 1149 2275 generationis
1171 2233 1272 2276 legem
1290 2233 1323 2266 in

121 2285 299 2328 specierum
322 2285 569 2318 successionibus
597 2297 810 2328 perseverare.
846 2286 982 2320 Minime
1007 2287 1183 2329 negandam
1207 2292 1330 2319 naturae

123 2350 234 2371 eorum
247 2362 256 2378 ‚
273 2350 344 2382 qum
360 2339 466 2382 genita
494 2346 566 2372 sunt
581 2364 590 2380 ,
610 2341 777 2374 veritatem
794 2353 801 2376 ;
828 2347 861 2374 at
888 2341 1007 2373 homini
1025 2341 1199 2373 belluinam
1213 2341 1331 2380 vitam,

127 2394 315 2435 flagitiosum
330 2405 406 2429 esse.
425 2395 562 2426 Dcmum
583 2396 725 2438 sequitur
743 2396 894 2428 vitiorum
919 2396 1129 2439 quorumdam
1146 2395 1240 2427 certis
1263 2395 1336 2427 ani-

125 2447 258 2484 malibus
271 2447 471 2485 familiarium
488 2454 583 2491 atque
595 2450 673 2482 adeo
691 2450 913 2492 fugiendorum
927 2449 1094 2493 expositio,
1381 2459 1441 2491 229

83 2503 192 2534 CAPUT
209 2502 267 2534 1V.
288 2503 336 2534 De
353 2503 432 2537 mira
451 2503 556 2536 indole
580 2505 807 2536 nonnullorum
834 2505 1017 2536 animalium
1059 2504 1092 2535 in
1122 2503 1257 2537 vitandis
1273 2503 1333 2535 sibi

126 2557 252 2596 noxiis,
285 2563 381 2599 atque
396 2557 528 2589 utilibus
555 2559 798 2600 prosequendis,
821 2564 856 2592 et
880 2559 920 2591 de
942 2557 1140 2591 naturalibus
1156 2557 1337 2594 virtutibus,

132 2621 208 2652 quas
228 2611 259 2642 in
275 2611 334 2642 illis
346 2611 464 2643 imitari
479 2621 536 2643 nos
551 2617 709 2653 oporteat.
1382 2610 1440 2640 232
