1747 3260
332 280 389 322 92
877 283 907 309 S.
947 283 1135 311 AMBROSII

304 375 307 377 ·
330 365 511 405 mantes,
535 357 701 415 propria
721 366 952 414 posuerunt
974 360 1190 401 sententia.
1218 360 1303 417 Ego
1327 359 1428 416 quid
1448 358 1585 401 faeere
1606 375 1684 418 po-
1744 399 1747 411 ,

330 427 474 475 tuerit,
500 442 584 468 non
608 428 880 484 prsetermitto
905 444 914 469 ε
949 429 1049 485 quid
1071 429 1213 471 feeerit
1233 430 1345 485 quod
1370 437 1509 486 aperte
1541 429 1684 486 Scrip-

331 504 524 538 turarum
548 498 795 540 auctoritate
817 514 900 540 non
924 500 1065 549 didici,
1093 500 1208 557 quasi
1233 508 1442 542 secretum
1463 508 1681 557 praetereo‚

330 580 386 608 ne
409 566 515 609 forte
532 567 656 609 etiam
680 568 777 610 hine
796 569 894 611 alias
916 569 994 610 sibi
1011 570 1258 626 quaestiones
1278 568 1504 625 requirant.
1534 568 1684 611 Assoro

331 644 474 678 tamen
491 639 724 680 seeundum
745 638 997 696 Scripturas,
1019 640 1113 696 quia
1132 640 1267 697 potuit
1285 641 1476 680 locorum
1493 638 1682 687 humilia,

332 715 374 749 et
391 722 635 764 camporum
658 717 799 765 aperta
822 709 1056 751 diffundere
1070 743 1080 759 ,
1106 710 1214 751 sicut
1237 710 1323 767 ipse
1343 709 1399 750 ait
1420 724 1428 750 :
1447 727 1461 747 «
1481 709 1569 765 Ego
1588 716 1686 750 ante
1724 696 1728 745 ἶ

331 794 349 814 ³)
363 784 403 817 te
432 770 678 825 amb'ulabo,
705 786 747 819 et
771 787 935 820 montes
965 781 1110 835 planos
1138 778 1328 821 saciam¹.
1357 798 1372 817 n
1395 778 1533 821 Potuit
1559 778 1687 819 etiam
1725 793 1728 799 ’

330 844 420 902 ipsa
449 861 651 902 aquarum
681 847 740 889 vis
766 848 1037 905 profundiora
1064 864 1111 890 ea
1135 849 1271 890 facere
1289 882 1298 897 ,
1323 864 1413 905 quae
1446 849 1683 890 insederat:
1727 889 1730 902 ἶ

332 922 449 957 tanto
485 916 694 959 fluctuum
730 927 871 967 motu,
908 927 1108 976 tantoque
1145 928 1248 961 aestu
1286 919 1568 961 concitatioris
1601 920 1688 960 ele·
1727 969 1731 982 .

331 986 481 1034 menti,
503 986 572 1043 qui
596 987 780 1043 quotidie
804 988 883 1029 ima
903 989 1036 1046 pelagi
1059 997 1269 1045 torquere,
1293 997 1334 1031 et
1361 1004 1504 1030 arenas
1528 996 1688 1031 vertere

333 1056 466 1097 soleat
488 1057 538 1097 de
561 1056 784 1114 profundo.
824 1058 928 1109 Quis
954 1059 1103 1100 deinde
1125 1059 1253 1108 sciat,
1282 1059 1322 1100 in
1345 1068 1549 1116 quantum
1572 1075 1615 1100 se
1636 1059 1689 1101 il-

334 1125 409 1166 lud
442 1140 643 1183 magnum
674 1136 714 1169 et
747 1128 941 1170 inausum
974 1130 1263 1186 navigantibus
1286 1137 1410 1185 atque
1438 1129 1688 1170 intentatum
1729 1131 1731 1155 Ὗ

334 1195 472 1238 nautis
509 1196 656 1238 fundat
692 1213 829 1246 mare,
869 1200 983 1255 quod
1015 1199 1249 1241 Britannias
1288 1199 1482 1241 frementi
1513 1198 1690 1240 includit

334 1281 518 1322 aequore,
541 1276 663 1323 atque
683 1268 723 1309 in
747 1268 944 1310 ulteriora
959 1278 998 1310 et
1017 1269 1113 1327 ipsis
1131 1269 1280 1311 sabulis
1298 1269 1506 1310 inaccessa
1530 1276 1689 1310 secreta
1730 1261 1734 1270 ⁸

332 1350 377 1377 se
400 1336 605 1394 porrigit?
627 1337 733 1388 Quis
758 1337 907 1379 deinde
925 1354 1009 1380 non
1029 1339 1195 1395 colligat
1219 1346 1424 1395 quantum
1442 1337 1624 1380 Lucrino
1649 1345 1691 1379 et

334 1405 501 1447 Averno
516 1407 557 1447 in
580 1407 714 1455 ltalia,
729 1407 940 1449 Tiberiadi
955 1424 1120 1465 quoque
1143 1408 1184 1449 in
1200 1408 1432 1456 Palaestina,
1453 1415 1494 1448 et
1511 1407 1547 1448 ei
1558 1407 1686 1456 laeui,

335 1475 409 1531 qui
426 1475 535 1516 inter
549 1476 811 1518 Palaestinam
835 1485 877 1519 et
900 1478 1127 1536 AEgyptum
1148 1477 1312 1520 Arabiae
1335 1478 1496 1519 deserta
1517 1485 1691 1534 proten-

335 1544 424 1594 dit,
441 1546 742 1603 portubusque
761 1548 930 1589 diversis
953 1548 1129 1606 Augusti
1147 1557 1270 1605 atque
1291 1547 1484 1604 Trajani,
1506 1547 1692 1589 eceteris-

334 1630 417 1671 que
440 1631 516 1672 per
538 1616 778 1659 universum
802 1618 948 1659 orbem
970 1619 1153 1661 infusum
1171 1620 1375 1661 addiderit
1397 1617 1542 1660 mare?

394 1684 507 1728 XVI.
547 1686 629 1728 Sed
649 1696 745 1728 sunt
765 1687 890 1729 etiam
917 1704 1000 1730 non
1024 1690 1187 1731 confusi
1209 1690 1344 1738 lacus,
1368 1697 1409 1731 et
1433 1697 1575 1746 stagna
1600 1703 1690 1744 quae

336 1770 422 1797 non
447 1757 682 1799 miscentur
710 1757 910 1800 fluetibus
926 1792 936 1809 ‚
965 1767 1010 1800 ut
1028 1759 1174 1802 Larius
1197 1768 1238 1801 et
1268 1760 1478 1808 Benacus,
1503 1758 1691 1800 Albanus

333 1841 505 1883 quoque
534 1827 689 1883 aliique
707 1828 876 1884 plures,
907 1831 1117 1885 quomodo
1149 1845 1232 1872 una
1265 1829 1529 1887 congregatio
1561 1843 1691 1885 aqua-

330 1897 457 1939 rum?
475 1896 557 1939 Sed
573 1898 930 1953 quemadmodum
955 1899 1123 1949 dicitur,
1148 1899 1242 1956 quia
1265 1899 1364 1941 feeit
1381 1900 1493 1941 Deus
1516 1900 1599 1939 duo
1622 1899 1693 1940 lu-

332 1967 510 2009 minaria
525 2000 536 2016 ‚
561 1967 604 2008 id
624 1975 708 2016 est,
738 1969 869 2010 solem
890 1977 932 2010 et
953 1971 1113 2018 lunam,
1140 1985 1237 2012 eum
1259 1970 1340 2012 sint
1359 1970 1506 2027 utique
1533 1977 1575 2011 et
1597 1969 1692 2010 stel-

336 2038 473 2080 larum
494 2038 653 2079 lumina
684 2053 693 2078 τ
721 2038 775 2079 ita
797 2046 839 2080 et
867 2055 947 2081 una
975 2041 1242 2098 congregatio
1275 2041 1448 2088 dicitur,
1480 2054 1577 2081 cum
1609 2038 1690 2079 sint

333 2185 500 2219 runtur.

382 2296 392 2310 ¹
410 2286 483 2319 Isa'i.
506 2298 580 2327 va,
602 2299 628 2319 2.
