1742 3233
472 299 523 328 DE
556 290 767 327 PARAmso'.
805 300 923 329 aniffl
956 299 1070 328 UNUS.
1365 288 1448 348 317

103 388 187 416 non
216 375 372 432 potuit,
399 375 545 419 invidit
567 377 747 427 homini,
773 393 822 418 eo
846 379 959 434 quod
984 376 1183 434 figuratus
1211 394 1233 419 e
1256 379 1377 430 111110,
1409 391 1455 423 ut

103 444 238 485 incola
261 445 440 502 paradisi
462 455 593 495 esset,
620 449 778 489 electus
806 455 880 488 est.
907 447 1208 489 Considerabat
1225 448 1336 490 enim
1364 452 1453 492 dia-

100 513 220 555 holus
238 517 349 570 qnod
372 516 457 572 ipse
481 516 551 571 qui
572 516 715 558 suisset
737 516 961 572 superioris
985 524 1143 557 naturae
1160 549 1170 564 ,
1197 517 1237 557 in
1260 519 1348 559 11166
1375 535 1451 560 sae—

101 583 254 625 cularia
280 592 321 625 et
342 586 552 626 mundana
571 585 805 634 deciderat3
831 587 959 628 homo
984 595 1124 628 autem
1147 587 1352 630 inferioris
1375 606 1449 631 na-

100 660 202 693 turae
226 654 419 710 sperabat
444 662 611 696 aeterna.
643 655 731 696 Hoc
755 663 815 697 est
837 671 935 713 ergo
961 657 1074 712 quod
1096 656 1252 699 invidet
1274 658 1416 700 dicens
1438 675 1447 701 ε

98 723 180 764 Iste
204 723 375 765 inferior
402 725 644 781 adipiscitur
666 728 779 782 quod
801 742 877 784 ego
905 743 1068 769 servare
1094 744 1179 769 11011
1202 730 1347 785 potui?
1370 730 1449 771 Iste

98 795 148 834 de
166 794 294 835 'terris
320 794 514 851 migrabit
537 797 588 836 ad
619 798 796 846 00010111,
822 812 918 838 cnm
941 813 1016 854 ego
1039 799 1091 839 de
1113 800 1218 840 coelo
1244 801 1380 855 lapsus
1408 800 1447 840 in

99 872 209 905 terra
245 865 353 906 sim?
386 865 535 907 Multas
560 866 643 907 vias
675 866 809 907 habeo
834 867 986 923 quibus
1013 867 1228 909 hominem
1259 869 1451 926 decipere

99 934 267 991 possim.
283 935 344 977 De
363 935 463 976 limo
480 934 612 977 faetus
636 944 719 984 est,
745 944 857 977 terra
878 936 915 977 ei
933 945 1068 978 mater
1088 945 1173 985 est,
1203 939 1451 994 corruptibi-

94 1005 208 1047 libus
242 1005 450 1047 involutus
475 1014 549 1047 est.
577 1006 663 1047 Etsi
692 1006 826 1052 anima
853 1007 1076 1064 superioris
1102 1016 1282 1057 naturoe,
1308 1016 1449 1050 tamen

94 1082 134 1116 et
159 1074 246 1132 ipsa
267 1075 400 1132 lapsui
416 1083 551 1133 potest
568 1091 656 1118 esse
672 1076 868 1125 obnoxia,
888 1077 929 1117 in
947 1078 1134 1134 corporis
1156 1092 1325 1119 earcere
1343 1093 1447 1120 con-

105 1146 272 1194 stituta;
301 1148 467 1203 quando
497 1162 574 1204 ego
598 1149 761 1204 lapsum
789 1147 919 1192 vitare
949 1163 1032 1189 non
1056 1148 1186 1205 potui.
1223 1149 1295 1191 Est
1325 1149 1449 1206 igitur

99 1217 163 1259 via
184 1218 341 1276 prima,
367 1226 413 1260 ut
436 1218 687 1275 decipiatur,
712 1220 812 1260 dum
837 1219 1077 1260 conditione
1097 1234 1169 1260 sna
1191 1219 1351 1276 majora
1373 1222 1446 1262 de-

102 1288 270 1331 siderat.
297 1289 373 1331 Hic
405 1290 517 1331 enim
540 1290 707 1346 quidam
734 1298 908 1332 conatus
934 1298 996 1331 est
1029 1290 1254 1332 indnstriae.
1286 1291 1446 1333 Deinde

94 1359 231 1401 carnis
256 1368 341 1408 est,
362 1361 474 1416 quod
500 1375 583 1402 non
601 1360 775 1409 habeat,
802 1360 1048 1402 desiderare.
1072 1360 1287 1402 Postremo
1304 1360 1345 1401 in
1363 1376 1445 1417 quo

92 1430 239 1471 videor
271 1445 347 1486 ego
373 1430 568 1471 omnibus
602 1446 691 1471 esse
719 1430 968 1487 sapientior,
992 1429 1071 1471 nisi
1102 1429 1445 1472 circumscribam

98 1498 338 1548 hominem,
367 1508 408 1541 et
430 1500 611 1541 versutia
632 1508 675 1541 et
699 1500 844 1541 fraude
878 1498 1158 1541 contendam?
1182 1499 1324 1555 Itaque
1354 1514 1447 1540 ma-

97 1569 291 1612 chinatus
317 1579 401 1619 est,
428 1579 474 1612 ut
496 1586 580 1612 000
604 1570 738 1627 primo
761 1570 895 1611 Adam
918 1569 1175 1617 adoriretur,
1210 1570 1283 1610 sed
1311 1568 1444 1611 Adam

95 1656 170 1697 per
194 1641 415 1683 mulierem
439 1641 786 1682 circumscribere
814 1647 1048 1682 conaretur.
1078 1640 1169 1681 Non
1195 1641 1366 1681 adorsus
1383 1648 1445 1682 est

92 1726 214 1759 eum,
241 1711 312 1768 qui
340 1726 481 1753 coram
512 1719 732 1768 acceperat
753 1712 920 1752 coeleste
946 1711 1190 1751 mandatum
1218 1725 1226 1751 :
1250 1711 1322 1751 sed
1351 1726 1444 1752 eam

93 1783 268 1823 adorsus
288 1790 350 1824 est
372 1797 462 1838 quae
482 1797 502 1823 a
521 1782 607 1823 viro
627 1782 841 1829 didicerat,
866 1796 948 1821 1100
972 1796 992 1821 a
1014 1780 1102 1822 Deo
1126 1779 1225 1835 quid
1247 1780 1444 1821 ohserva-

93 1860 174 1899 ret,
201 1860 433 1909 acceperat.
457 1852 599 1907 Neque
616 1851 728 1892 enim
749 1851 877 1892 habes
895 1850 989 1906 quia
1012 1850 1176 1891 mulieri
1193 1850 1293 1891 dixit
1311 1850 1439 1898 Deus,

98 1924 171 1964 sed
190 1922 285 1979 quia
308 1921 410 1964 Adae
437 1921 563 1971 μ(1111113
587 1930 628 1963 et
649 1921 741 1963 ideo
764 1936 838 1979 per
862 1921 997 1963 Adam
1025 1920 1267 1977 cognovisse
1292 1920 1443 1962 mulier

89 1988 329 2035 aestimanda
346 2001 419 2034 est.

147 2062 231 2106 LV.
271 2063 537 2121 Cognoscens
573 2063 700 2120 igitur
739 2062 820 2104 hoc
862 2063 955 2103 loeo
996 2060 1241 2103 tentamenti
1283 2076 1437 2117 genus,

88 2133 269 2190 plurima
293 2133 418 2175 etiam
440 2133 526 2175 aliis
545 2134 648 2176 locis
673 2133 917 2174 tentamenti
948 2147 1098 2190 genera
1127 2131 1321 2189 reperies.
1349 2132 1441 2173 Alia

90 2212 186 2245 sunt
208 2219 284 2261 per
298 2204 532 2262 principem
556 2204 671 2245 istius
694 2203 841 2244 mundi
856 2235 866 2251 ,
890 2203 960 2259 qui
981 2203 1172 2258 quaedam
1194 2217 1352 2244 venena
1374 2216 1439 2242 sa—

89 2274 256 2331 pientiae
282 2274 323 2315 in
345 2274 460 2316 hunc
486 2276 692 2316 mundum
713 2274 918 2322 evomuit;
948 2282 994 2314 ut
1019 2289 1114 2315 vera
1145 2280 1339 2329 putarent
1363 2271 1440 2313 ho-

91 2344 226 2386 mines
242 2361 331 2387 esse
348 2361 438 2402 quae
456 2346 555 2388 salsa
572 2354 692 2395 sunt,
722 2355 764 2388 et
783 2345 920 2403 specie
940 2345 1120 2401 quadam
1140 2343 1360 2385 hominurn
1378 2357 1441 2383 ca-

92 2423 265 2473 peretur
297 2416 482 2459 affectus.
511 2417 603 2460 Non
635 2416 746 2458 611101
778 2431 942 2472 semper
968 2414 1083 2471 quasi
1110 2421 1276 2471 apertus
1310 2412 1440 2453 hostis

90 2485 324 2543 ingreditur
344 2502 353 2529 z
375 2489 448 2530 sed
473 2496 570 2530 sunt
592 2489 782 2544 quaedam
804 2494 1029 2545 potestates
1054 2500 1144 2541 quae
1167 2499 1353 2526 amorem
1385 2482 1441 2524 si-

89 2559 256 2600 mulent
272 2591 283 2607 ,
306 2558 566 2616 gratiamque
586 2559 847 2616 praetendant
859 2574 870 2606 ;
894 2564 941 2598 ut
960 2555 1160 2614 paulatim
1182 2552 1438 2612 cogitationi-

91 2626 171 2672 bus
200 2628 350 2673 nostris
380 2644 588 2674 venenum
617 2644 699 2673 suae
730 2627 956 2685 iniquitatis
978 2625 1219 2675 infundant,
1245 2640 1265 2667 a
1287 2623 1442 2689 quibus
