<?xml version="1.0" encoding="UTF-8"?>
<!DOCTYPE html PUBLIC "-//W3C//DTD XHTML 1.0 Transitional//EN"
    "http://www.w3.org/TR/xhtml1/DTD/xhtml1-transitional.dtd">
<html xmlns="http://www.w3.org/1999/xhtml" xml:lang="en" lang="en">
 <head>
  <title>
</title>
<meta http-equiv="Content-Type" content="text/html;charset=utf-8" />
  <meta name='ocr-system' content='tesseract 3.04.00' />
  <meta name='ocr-capabilities' content='ocr_page ocr_carea ocr_par ocr_line ocrx_word'/>
</head>
<body>
  <div class='ocr_page' id='page_1' title='image "./omniaequaeextant01ambruoft_0523.png"; bbox 0 0 1742 3233; ppageno 0'>
   <div class='ocr_carea' id='block_1_1' title="bbox 0 241 1378 306">
    <p class='ocr_par' dir='ltr' id='par_1_1' title="bbox 0 241 1378 306">
     <span class='ocr_line' id='line_1_1' title="bbox 0 241 1378 306; baseline 0.004 -31"><span class='ocrx_word' id='word_1_1' title='bbox 0 254 9 306; x_wconf 55' lang='grc' dir='ltr'>μ</span> <span class='ocrx_word' id='word_1_2' title='bbox 360 251 412 276; x_wconf 81' lang='lat' dir='ltr'>DE</span> <span class='ocrx_word' id='word_1_3' title='bbox 447 250 524 277; x_wconf 73' lang='lat' dir='ltr'>NOE</span> <span class='ocrx_word' id='word_1_4' title='bbox 558 250 610 277; x_wconf 78' lang='lat' dir='ltr'>ET</span> <span class='ocrx_word' id='word_1_5' title='bbox 645 249 767 277; x_wconf 78' lang='lat' dir='ltr'>ARCA.</span> <span class='ocrx_word' id='word_1_6' title='bbox 802 249 922 277; x_wconf 73' lang='lat' dir='ltr'>muna</span> <span class='ocrx_word' id='word_1_7' title='bbox 953 250 1066 277; x_wconf 70' lang='lat' dir='ltr'>UNUS.</span> <span class='ocrx_word' id='word_1_8' title='bbox 1298 241 1378 295; x_wconf 69' lang='lat'>491</span> 
     </span>
    </p>
   </div>
   <div class='ocr_carea' id='block_1_2' title="bbox 0 309 1388 804">
    <p class='ocr_par' dir='ltr' id='par_1_2' title="bbox 0 309 1383 600">
     <span class='ocr_line' id='line_1_2' title="bbox 0 309 1378 384; baseline 0.001 -16"><span class='ocrx_word' id='word_1_9' title='bbox 0 309 8 383; x_wconf 57' lang='lat' dir='ltr'>l!</span> <span class='ocrx_word' id='word_1_10' title='bbox 37 326 172 368; x_wconf 82' lang='lat' dir='ltr'>adhuc</span> <span class='ocrx_word' id='word_1_11' title='bbox 189 325 347 383; x_wconf 87' lang='lat' dir='ltr'>positus</span> <span class='ocrx_word' id='word_1_12' title='bbox 359 326 643 382; x_wconf 86' lang='lat' dir='ltr'>delinquendi,</span> <span class='ocrx_word' id='word_1_13' title='bbox 659 326 728 367; x_wconf 88' lang='lat' dir='ltr'>det</span> <span class='ocrx_word' id='word_1_14' title='bbox 740 333 880 367; x_wconf 86' lang='lat' dir='ltr'>tamen</span> <span class='ocrx_word' id='word_1_15' title='bbox 893 326 1194 368; x_wconf 76' lang='lat' dir='ltr'>emendationis</span> <span class='ocrx_word' id='word_1_16' title='bbox 1208 327 1378 384; x_wconf 79' lang='lat' dir='ltr'>insigne.</span> 
     </span>
     <span class='ocr_line' id='line_1_3' title="bbox 0 387 1383 454; baseline 0 -16"><span class='ocrx_word' id='word_1_17' title='bbox 0 394 1 421; x_wconf 61' lang='lat'><em>³</em></span> <span class='ocrx_word' id='word_1_18' title='bbox 33 387 198 438; x_wconf 81' lang='lat' dir='ltr'>Etenim</span> <span class='ocrx_word' id='word_1_19' title='bbox 214 396 443 454; x_wconf 84' lang='lat' dir='ltr'>plurimum</span> <span class='ocrx_word' id='word_1_20' title='bbox 470 396 641 438; x_wconf 83' lang='lat' dir='ltr'>interest</span> <span class='ocrx_word' id='word_1_21' title='bbox 656 404 799 437; x_wconf 89' lang='lat' dir='ltr'>utrum</span> <span class='ocrx_word' id='word_1_22' title='bbox 819 404 992 453; x_wconf 87' lang='lat' dir='ltr'>peccata</span> <span class='ocrx_word' id='word_1_23' title='bbox 1010 411 1082 437; x_wconf 86' lang='lat' dir='ltr'>sua</span> <span class='ocrx_word' id='word_1_24' title='bbox 1106 395 1263 453; x_wconf 87' lang='lat' dir='ltr'>jactare</span> <span class='ocrx_word' id='word_1_25' title='bbox 1281 398 1383 438; x_wconf 83' lang='lat' dir='ltr'>desi-</span> 
     </span>
     <span class='ocr_line' id='line_1_4' title="bbox 0 459 1382 524; baseline 0.001 -16"><span class='ocrx_word' id='word_1_26' title='bbox 0 459 5 509; x_wconf 24' lang='lat'>&#39;1</span> <span class='ocrx_word' id='word_1_27' title='bbox 35 467 163 508; x_wconf 82' lang='lat' dir='ltr'>deret.</span> <span class='ocrx_word' id='word_1_28' title='bbox 187 467 232 507; x_wconf 93' lang='lat' dir='ltr'>In</span> <span class='ocrx_word' id='word_1_29' title='bbox 253 468 382 508; x_wconf 82' lang='lat' dir='ltr'>altero</span> <span class='ocrx_word' id='word_1_30' title='bbox 399 467 510 507; x_wconf 84' lang='lat' dir='ltr'>enim</span> <span class='ocrx_word' id='word_1_31' title='bbox 529 467 658 524; x_wconf 87' lang='lat' dir='ltr'>turpis</span> <span class='ocrx_word' id='word_1_32' title='bbox 676 466 952 524; x_wconf 78' lang='lat' dir='ltr'>impudentia,</span> <span class='ocrx_word' id='word_1_33' title='bbox 977 467 1017 507; x_wconf 92' lang='lat' dir='ltr'>in</span> <span class='ocrx_word' id='word_1_34' title='bbox 1037 468 1165 508; x_wconf 85' lang='lat' dir='ltr'>altero</span> <span class='ocrx_word' id='word_1_35' title='bbox 1187 468 1382 509; x_wconf 85' lang='lat' dir='ltr'>tolerabi-</span> 
     </span>
     <span class='ocr_line' id='line_1_5' title="bbox 1 515 1164 600; baseline 0.001 -22"><span class='ocrx_word' id='word_1_36' title='bbox 1 515 6 600; x_wconf 42' lang='grc' dir='ltr'><strong><em>β</em></strong></span> <span class='ocrx_word' id='word_1_37' title='bbox 32 537 81 579; x_wconf 92' lang='lat' dir='ltr'>lis</span> <span class='ocrx_word' id='word_1_38' title='bbox 101 538 352 579; x_wconf 83' lang='lat' dir='ltr'>verecundia</span> <span class='ocrx_word' id='word_1_39' title='bbox 370 553 485 595; x_wconf 88' lang='lat' dir='ltr'>spem</span> <span class='ocrx_word' id='word_1_40' title='bbox 506 538 654 579; x_wconf 79' lang='lat' dir='ltr'>suturae</span> <span class='ocrx_word' id='word_1_41' title='bbox 674 537 947 579; x_wconf 79' lang='lat' dir='ltr'>correctionis</span> <span class='ocrx_word' id='word_1_42' title='bbox 969 538 1164 579; x_wconf 84' lang='lat' dir='ltr'>ostendit.</span> 
     </span>
    </p>

    <p class='ocr_par' dir='ltr' id='par_1_3' title="bbox 0 605 1388 804">
     <span class='ocr_line' id='line_1_6' title="bbox 0 605 1388 681; baseline -0.001 -33"><span class='ocrx_word' id='word_1_43' title='bbox 0 609 5 681; x_wconf 51' lang='grc' dir='ltr'>ἰ</span> <span class='ocrx_word' id='word_1_44' title='bbox 93 606 244 649; x_wconf 91' lang='lat' dir='ltr'><strong>CXIII.</strong></span> <span class='ocrx_word' id='word_1_45' title='bbox 282 605 373 648; x_wconf 86' lang='lat' dir='ltr'>Alia</span> <span class='ocrx_word' id='word_1_46' title='bbox 405 615 467 648; x_wconf 88' lang='lat' dir='ltr'>est</span> <span class='ocrx_word' id='word_1_47' title='bbox 499 616 638 649; x_wconf 84' lang='lat' dir='ltr'>autem</span> <span class='ocrx_word' id='word_1_48' title='bbox 671 606 895 648; x_wconf 87' lang='lat' dir='ltr'>denudatio</span> <span class='ocrx_word' id='word_1_49' title='bbox 937 607 1106 655; x_wconf 80' lang='lat' dir='ltr'>animae,</span> <span class='ocrx_word' id='word_1_50' title='bbox 1146 607 1241 664; x_wconf 90' lang='lat' dir='ltr'>quia</span> <span class='ocrx_word' id='word_1_51' title='bbox 1274 609 1388 649; x_wconf 76' lang='lat' dir='ltr'>velut</span> 
     </span>
     <span class='ocr_line' id='line_1_7' title="bbox 33 676 1388 734; baseline 0 -17"><span class='ocrx_word' id='word_1_52' title='bbox 33 677 259 733; x_wconf 83' lang='lat' dir='ltr'>quamdam</span> <span class='ocrx_word' id='word_1_53' title='bbox 281 676 487 718; x_wconf 80' lang='lat' dir='ltr'>sarcinam</span> <span class='ocrx_word' id='word_1_54' title='bbox 509 677 695 734; x_wconf 88' lang='lat' dir='ltr'>corporis</span> <span class='ocrx_word' id='word_1_55' title='bbox 727 676 872 732; x_wconf 85' lang='lat' dir='ltr'>abjicit</span> <span class='ocrx_word' id='word_1_56' title='bbox 894 685 1016 733; x_wconf 87' lang='lat' dir='ltr'>atquc</span> <span class='ocrx_word' id='word_1_57' title='bbox 1040 677 1172 726; x_wconf 82' lang='lat' dir='ltr'>exuit,</span> <span class='ocrx_word' id='word_1_58' title='bbox 1200 677 1307 718; x_wconf 88' lang='lat' dir='ltr'>sicut</span> <span class='ocrx_word' id='word_1_59' title='bbox 1329 693 1388 718; x_wconf 82' lang='lat' dir='ltr'>se-</span> 
     </span>
     <span class='ocr_line' id='line_1_8' title="bbox 30 746 1387 804; baseline 0 -18"><span class='ocrx_word' id='word_1_60' title='bbox 30 747 227 803; x_wconf 87' lang='lat' dir='ltr'>pulcrum</span> <span class='ocrx_word' id='word_1_61' title='bbox 250 748 460 802; x_wconf 80' lang='lat' dir='ltr'>quoddam</span> <span class='ocrx_word' id='word_1_62' title='bbox 496 747 631 788; x_wconf 82' lang='lat' dir='ltr'>carnis</span> <span class='ocrx_word' id='word_1_63' title='bbox 662 746 875 804; x_wconf 81' lang='lat' dir='ltr'>effugiens.</span> <span class='ocrx_word' id='word_1_64' title='bbox 903 747 1154 804; x_wconf 82' lang='lat' dir='ltr'>Sepulcrum</span> <span class='ocrx_word' id='word_1_65' title='bbox 1177 746 1290 787; x_wconf 87' lang='lat' dir='ltr'>enim</span> <span class='ocrx_word' id='word_1_66' title='bbox 1312 761 1387 803; x_wconf 85' lang='lat' dir='ltr'>pa·-</span> 
     </span>
    </p>
   </div>
   <div class='ocr_carea' id='block_1_3' title="bbox 0 688 5 791">
    <p class='ocr_par' dir='ltr' id='par_1_4' title="bbox 0 688 5 791">
     <span class='ocr_line' id='line_1_9' title="bbox 0 688 5 791; baseline 0 2442"><span class='ocrx_word' id='word_1_67' title='bbox 0 688 5 791; x_wconf 95' lang='lat' dir='ltr'> </span> 
     </span>
    </p>
   </div>
   <div class='ocr_carea' id='block_1_4' title="bbox 0 793 3 808">
    <p class='ocr_par' dir='ltr' id='par_1_5' title="bbox 0 793 3 808">
     <span class='ocr_line' id='line_1_10' title="bbox 0 793 3 808; baseline 0 0"><span class='ocrx_word' id='word_1_68' title='bbox 0 793 3 808; x_wconf 80' lang='grc' dir='ltr'>Ι</span> 
     </span>
    </p>
   </div>
   <div class='ocr_carea' id='block_1_5' title="bbox 0 809 1388 1284">
    <p class='ocr_par' dir='ltr' id='par_1_6' title="bbox 0 809 1384 874">
     <span class='ocr_line' id='line_1_11' title="bbox 0 809 1384 874; baseline -0.001 -15"><span class='ocrx_word' id='word_1_69' title='bbox 0 809 3 860; x_wconf 68' lang='lat' dir='ltr'>l</span> <span class='ocrx_word' id='word_1_70' title='bbox 30 823 123 857; x_wconf 79' lang='lat' dir='ltr'>tens</span> <span class='ocrx_word' id='word_1_71' title='bbox 156 824 219 858; x_wconf 88' lang='lat' dir='ltr'>est</span> <span class='ocrx_word' id='word_1_72' title='bbox 253 825 398 873; x_wconf 85' lang='lat' dir='ltr'>guttur</span> <span class='ocrx_word' id='word_1_73' title='bbox 429 816 669 874; x_wconf 84' lang='lat' dir='ltr'>hujusmodi</span> <span class='ocrx_word' id='word_1_74' title='bbox 712 817 954 866; x_wconf 87' lang='lat' dir='ltr'>hominum,</span> <span class='ocrx_word' id='word_1_75' title='bbox 992 817 1033 858; x_wconf 90' lang='lat' dir='ltr'>in</span> <span class='ocrx_word' id='word_1_76' title='bbox 1070 832 1153 874; x_wconf 88' lang='lat' dir='ltr'>quo</span> <span class='ocrx_word' id='word_1_77' title='bbox 1192 818 1384 874; x_wconf 88' lang='lat' dir='ltr'>sepulcro</span> 
     </span>
    </p>

    <p class='ocr_par' dir='ltr' id='par_1_7' title="bbox 0 882 1385 944">
     <span class='ocr_line' id='line_1_12' title="bbox 0 886 1385 944; baseline -0.001 -17"><span class='ocrx_word' id='word_1_78' title='bbox 0 889 2 936; x_wconf 64' lang='grc' dir='ltr'>ζ</span> <span class='ocrx_word' id='word_1_79' title='bbox 28 886 142 927; x_wconf 84' lang='lat' dir='ltr'>velut</span> <span class='ocrx_word' id='word_1_80' title='bbox 169 888 445 928; x_wconf 76' lang='lat' dir='ltr'>attumulatur</span> <span class='ocrx_word' id='word_1_81' title='bbox 476 888 612 928; x_wconf 86' lang='lat' dir='ltr'>anima</span> <span class='ocrx_word' id='word_1_82' title='bbox 645 888 994 929; x_wconf 79' lang='lat' dir='ltr'>delectationibus</span> <span class='ocrx_word' id='word_1_83' title='bbox 1025 895 1067 929; x_wconf 84' lang='lat' dir='ltr'>ct</span> <span class='ocrx_word' id='word_1_84' title='bbox 1105 886 1385 944; x_wconf 83' lang='lat' dir='ltr'>cupiditatum</span> 
     </span>
    </p>

    <p class='ocr_par' dir='ltr' id='par_1_8' title="bbox 0 955 1386 1013">
     <span class='ocr_line' id='line_1_13' title="bbox 0 955 1386 1013; baseline -0.001 -16"><span class='ocrx_word' id='word_1_85' title='bbox 0 969 2 1012; x_wconf 61' lang='grc' dir='ltr'><strong><em>μ</em></strong></span> <span class='ocrx_word' id='word_1_86' title='bbox 27 955 288 1013; x_wconf 84' lang='lat' dir='ltr'>passionibus</span> <span class='ocrx_word' id='word_1_87' title='bbox 309 964 479 998; x_wconf 86' lang='lat' dir='ltr'>onerata</span> <span class='ocrx_word' id='word_1_88' title='bbox 497 957 682 998; x_wconf 78' lang='lat' dir='ltr'>diversis.</span> <span class='ocrx_word' id='word_1_89' title='bbox 716 957 842 998; x_wconf 83' lang='lat' dir='ltr'>Exuit</span> <span class='ocrx_word' id='word_1_90' title='bbox 864 956 990 1013; x_wconf 83' lang='lat' dir='ltr'>igitur</span> <span class='ocrx_word' id='word_1_91' title='bbox 1013 972 1056 998; x_wconf 92' lang='lat' dir='ltr'>se</span> <span class='ocrx_word' id='word_1_92' title='bbox 1077 971 1098 997; x_wconf 87' lang='lat' dir='ltr'>a</span> <span class='ocrx_word' id='word_1_93' title='bbox 1118 955 1386 1012; x_wconf 84' lang='lat' dir='ltr'>congestione</span> 
     </span>
    </p>

    <p class='ocr_par' dir='ltr' id='par_1_9' title="bbox 0 1024 1388 1284">
     <span class='ocr_line' id='line_1_14' title="bbox 0 1024 1388 1085; baseline -0.004 -16"><span class='ocrx_word' id='word_1_94' title='bbox 0 1032 8 1085; x_wconf 42' lang='grc' dir='ltr'>ἱμ</span> <span class='ocrx_word' id='word_1_95' title='bbox 29 1032 217 1074; x_wconf 83' lang='lat' dir='ltr'>terrena,</span> <span class='ocrx_word' id='word_1_96' title='bbox 251 1033 293 1067; x_wconf 88' lang='lat' dir='ltr'>et</span> <span class='ocrx_word' id='word_1_97' title='bbox 313 1026 430 1082; x_wconf 84' lang='lat' dir='ltr'>quasi</span> <span class='ocrx_word' id='word_1_98' title='bbox 460 1026 562 1068; x_wconf 85' lang='lat' dir='ltr'>retia</span> <span class='ocrx_word' id='word_1_99' title='bbox 589 1027 794 1082; x_wconf 63' lang='lat' dir='ltr'>quaedam&gt;</span> <span class='ocrx_word' id='word_1_100' title='bbox 815 1024 1068 1067; x_wconf 83' lang='lat' dir='ltr'>circumfusa</span> <span class='ocrx_word' id='word_1_101' title='bbox 1092 1024 1231 1067; x_wconf 81' lang='lat' dir='ltr'>evadit</span> <span class='ocrx_word' id='word_1_102' title='bbox 1263 1032 1388 1080; x_wconf 84' lang='lat' dir='ltr'>atque</span> 
     </span>
     <span class='ocr_line' id='line_1_15' title="bbox 27 1094 1388 1153; baseline -0.002 -16"><span class='ocrx_word' id='word_1_103' title='bbox 27 1094 196 1153; x_wconf 82' lang='lat' dir='ltr'>effugit,</span> <span class='ocrx_word' id='word_1_104' title='bbox 221 1111 498 1152; x_wconf 80' lang='lat' dir='ltr'>quaecumque</span> <span class='ocrx_word' id='word_1_105' title='bbox 520 1111 563 1137; x_wconf 85' lang='lat' dir='ltr'>se</span> <span class='ocrx_word' id='word_1_106' title='bbox 587 1096 636 1137; x_wconf 90' lang='lat' dir='ltr'>ab</span> <span class='ocrx_word' id='word_1_107' title='bbox 662 1095 777 1140; x_wconf 84' lang='lat' dir='ltr'>omni</span> <span class='ocrx_word' id='word_1_108' title='bbox 810 1095 1032 1136; x_wconf 88' lang='lat' dir='ltr'>nudaverit</span> <span class='ocrx_word' id='word_1_109' title='bbox 1061 1094 1301 1152; x_wconf 86' lang='lat' dir='ltr'>passionum</span> <span class='ocrx_word' id='word_1_110' title='bbox 1325 1095 1388 1142; x_wconf 85' lang='lat' dir='ltr'>la-</span> 
     </span>
     <span class='ocr_line' id='line_1_16' title="bbox 28 1163 1385 1223; baseline -0.001 -17"><span class='ocrx_word' id='word_1_111' title='bbox 28 1179 160 1221; x_wconf 89' lang='lat' dir='ltr'>queo,</span> <span class='ocrx_word' id='word_1_112' title='bbox 187 1173 227 1207; x_wconf 91' lang='lat' dir='ltr'>et</span> <span class='ocrx_word' id='word_1_113' title='bbox 254 1180 424 1207; x_wconf 86' lang='lat' dir='ltr'>omnem</span> <span class='ocrx_word' id='word_1_114' title='bbox 457 1165 570 1208; x_wconf 75' lang='lat' dir='ltr'>illam</span> <span class='ocrx_word' id='word_1_115' title='bbox 593 1165 827 1207; x_wconf 84' lang='lat' dir='ltr'>deformem</span> <span class='ocrx_word' id='word_1_116' title='bbox 854 1164 1037 1223; x_wconf 90' lang='lat' dir='ltr'>speciem</span> <span class='ocrx_word' id='word_1_117' title='bbox 1071 1173 1248 1207; x_wconf 83' lang='lat' dir='ltr'>terrenae</span> <span class='ocrx_word' id='word_1_118' title='bbox 1280 1163 1385 1206; x_wconf 85' lang='lat' dir='ltr'>labis</span> 
     </span>
     <span class='ocr_line' id='line_1_17' title="bbox 28 1235 996 1284; baseline 0 -7"><span class='ocrx_word' id='word_1_119' title='bbox 28 1235 246 1284; x_wconf 84' lang='lat' dir='ltr'>averterit,</span> <span class='ocrx_word' id='word_1_120' title='bbox 270 1244 318 1278; x_wconf 88' lang='lat' dir='ltr'>ut</span> <span class='ocrx_word' id='word_1_121' title='bbox 337 1237 476 1278; x_wconf 87' lang='lat' dir='ltr'>lucem</span> <span class='ocrx_word' id='word_1_122' title='bbox 500 1236 638 1278; x_wconf 85' lang='lat' dir='ltr'>videat</span> <span class='ocrx_word' id='word_1_123' title='bbox 655 1235 817 1278; x_wconf 87' lang='lat' dir='ltr'>decoris</span> <span class='ocrx_word' id='word_1_124' title='bbox 836 1235 996 1277; x_wconf 82' lang='lat' dir='ltr'>aeterni.</span> 
     </span>
    </p>
   </div>
   <div class='ocr_carea' id='block_1_6' title="bbox 26 1391 1388 1405">
    <p class='ocr_par' dir='ltr' id='par_1_10' title="bbox 26 1391 1388 1405">
     <span class='ocr_line' id='line_1_18' title="bbox 26 1391 1388 1405; baseline -0.001 -1"><span class='ocrx_word' id='word_1_125' title='bbox 26 1394 206 1405; x_wconf 45' lang='lat' dir='ltr'>massar,</span> <span class='ocrx_word' id='word_1_126' title='bbox 213 1393 515 1404; x_wconf 51' lang='lat' dir='ltr'>mmmmm-,u</span> <span class='ocrx_word' id='word_1_127' title='bbox 522 1393 801 1403; x_wconf 54' lang='lat' dir='ltr'>naesmzmsmmz</span> <span class='ocrx_word' id='word_1_128' title='bbox 807 1393 903 1403; x_wconf 48' lang='lat' dir='ltr'>mun-s</span> <span class='ocrx_word' id='word_1_129' title='bbox 911 1392 1004 1403; x_wconf 52' lang='lat' dir='ltr'>§nnt—</span> <span class='ocrx_word' id='word_1_130' title='bbox 1011 1392 1319 1403; x_wconf 63' lang='lat' dir='ltr'>mmmmm</span> <span class='ocrx_word' id='word_1_131' title='bbox 1330 1391 1388 1402; x_wconf 59' lang='grc' dir='ltr'>Ἁτ.</span> 
     </span>
    </p>
   </div>
   <div class='ocr_carea' id='block_1_7' title="bbox 523 1506 882 1549">
    <p class='ocr_par' dir='ltr' id='par_1_11' title="bbox 523 1506 882 1549">
     <span class='ocr_line' id='line_1_19' title="bbox 523 1506 882 1549; baseline 0 0"><span class='ocrx_word' id='word_1_132' title='bbox 523 1506 702 1549; x_wconf 87' lang='lat' dir='ltr'>CAPUT</span> <span class='ocrx_word' id='word_1_133' title='bbox 737 1506 882 1549; x_wconf 86' lang='lat' dir='ltr'><strong>XXX.</strong></span> 
     </span>
    </p>
   </div>
   <div class='ocr_carea' id='block_1_8' title="bbox 27 1646 1387 1971">
    <p class='ocr_par' dir='ltr' id='par_1_12' title="bbox 27 1646 1387 1971">
     <span class='ocr_line' id='line_1_20' title="bbox 27 1646 1387 1704; baseline -0.001 -15"><span class='ocrx_word' id='word_1_134' title='bbox 27 1648 173 1701; x_wconf 74' lang='lat' dir='ltr'>Quare</span> <span class='ocrx_word' id='word_1_135' title='bbox 208 1647 349 1689; x_wconf 81' lang='lat' dir='ltr'>Cham</span> <span class='ocrx_word' id='word_1_136' title='bbox 384 1656 479 1689; x_wconf 81' lang='lat' dir='ltr'>tum</span> <span class='ocrx_word' id='word_1_137' title='bbox 511 1647 653 1689; x_wconf 74' lang='lat' dir='ltr'>dictus</span> <span class='ocrx_word' id='word_1_138' title='bbox 685 1647 742 1688; x_wconf 72' lang='lat' dir='ltr'>sit</span> <span class='ocrx_word' id='word_1_139' title='bbox 766 1656 894 1704; x_wconf 76' lang='lat' dir='ltr'>pater</span> <span class='ocrx_word' id='word_1_140' title='bbox 922 1646 1166 1694; x_wconf 71' lang='lat' dir='ltr'>Cltcmaan,</span> <span class='ocrx_word' id='word_1_141' title='bbox 1194 1662 1294 1688; x_wconf 78' lang='lat' dir='ltr'>cum</span> <span class='ocrx_word' id='word_1_142' title='bbox 1316 1646 1387 1687; x_wconf 78' lang='lat' dir='ltr'>hic</span> 
     </span>
     <span class='ocr_line' id='line_1_21' title="bbox 83 1718 1387 1776; baseline -0.002 -17"><span class='ocrx_word' id='word_1_143' title='bbox 83 1718 284 1761; x_wconf 76' lang='lat' dir='ltr'>nondum</span> <span class='ocrx_word' id='word_1_144' title='bbox 326 1729 428 1760; x_wconf 76' lang='lat' dir='ltr'>esset</span> <span class='ocrx_word' id='word_1_145' title='bbox 464 1719 671 1776; x_wconf 62' lang='grc' dir='ltr'>ἱςεηὶιαε,·</span> <span class='ocrx_word' id='word_1_146' title='bbox 705 1727 745 1758; x_wconf 76' lang='lat' dir='ltr'>et</span> <span class='ocrx_word' id='word_1_147' title='bbox 782 1733 870 1774; x_wconf 81' lang='lat' dir='ltr'>qua</span> <span class='ocrx_word' id='word_1_148' title='bbox 909 1719 1083 1759; x_wconf 66' lang='lat' dir='ltr'>‘ratione</span> <span class='ocrx_word' id='word_1_149' title='bbox 1117 1718 1167 1757; x_wconf 80' lang='lat' dir='ltr'>in</span> <span class='ocrx_word' id='word_1_150' title='bbox 1200 1732 1387 1773; x_wconf 77' lang='lat' dir='ltr'>persona</span> 
     </span>
     <span class='ocr_line' id='line_1_22' title="bbox 86 1786 1385 1846; baseline -0.001 -16"><span class='ocrx_word' id='word_1_151' title='bbox 86 1788 228 1830; x_wconf 77' lang='lat' dir='ltr'>Cham</span> <span class='ocrx_word' id='word_1_152' title='bbox 271 1799 445 1846; x_wconf 76' lang='lat' dir='ltr'>patrem</span> <span class='ocrx_word' id='word_1_153' title='bbox 493 1788 733 1830; x_wconf 71' lang='lat' dir='ltr'>deridentis</span> <span class='ocrx_word' id='word_1_154' title='bbox 775 1788 1117 1845; x_wconf 74' lang='lat' dir='ltr'>intelligendum</span> <span class='ocrx_word' id='word_1_155' title='bbox 1165 1786 1385 1845; x_wconf 79' lang='lat' dir='ltr'>improbos</span> 
     </span>
     <span class='ocr_line' id='line_1_23' title="bbox 82 1857 1384 1917; baseline -0.001 -18"><span class='ocrx_word' id='word_1_156' title='bbox 82 1873 229 1900; x_wconf 77' lang='lat' dir='ltr'>omncs</span> <span class='ocrx_word' id='word_1_157' title='bbox 246 1891 254 1906; x_wconf 90' lang='lat'>‚</span> <span class='ocrx_word' id='word_1_158' title='bbox 280 1860 319 1900; x_wconf 75' lang='grc' dir='ltr'>εἰ</span> <span class='ocrx_word' id='word_1_159' title='bbox 343 1857 473 1900; x_wconf 79' lang='lat' dir='ltr'>bonos</span> <span class='ocrx_word' id='word_1_160' title='bbox 491 1859 608 1900; x_wconf 80' lang='lat' dir='ltr'>viros</span> <span class='ocrx_word' id='word_1_161' title='bbox 631 1859 682 1899; x_wconf 83' lang='lat' dir='ltr'>in</span> <span class='ocrx_word' id='word_1_162' title='bbox 704 1857 879 1915; x_wconf 79' lang='lat' dir='ltr'>culpam</span> <span class='ocrx_word' id='word_1_163' title='bbox 903 1858 1106 1900; x_wconf 79' lang='lat' dir='ltr'>incidisse</span> <span class='ocrx_word' id='word_1_164' title='bbox 1128 1858 1359 1917; x_wconf 72' lang='lat' dir='ltr'>contingat</span> <span class='ocrx_word' id='word_1_165' title='bbox 1374 1890 1384 1906; x_wconf 91' lang='lat'><em>,</em></span> 
     </span>
     <span class='ocr_line' id='line_1_24' title="bbox 84 1928 296 1971; baseline 0 -1"><span class='ocrx_word' id='word_1_166' title='bbox 84 1928 296 1971; x_wconf 74' lang='lat' dir='ltr'>exaltare.</span> 
     </span>
    </p>
   </div>
   <div class='ocr_carea' id='block_1_9' title="bbox 23 2057 1393 2538">
    <p class='ocr_par' dir='ltr' id='par_1_13' title="bbox 23 2057 1393 2538">
     <span class='ocr_line' id='line_1_25' title="bbox 84 2057 1386 2117; baseline 0 -16"><span class='ocrx_word' id='word_1_167' title='bbox 84 2058 231 2101; x_wconf 91' lang='lat' dir='ltr'><strong>CXIV.</strong></span> <span class='ocrx_word' id='word_1_168' title='bbox 271 2058 428 2110; x_wconf 77' lang='lat' dir='ltr'>QUAERo</span> <span class='ocrx_word' id='word_1_169' title='bbox 444 2073 558 2100; x_wconf 90' lang='lat' dir='ltr'>nunc</span> <span class='ocrx_word' id='word_1_170' title='bbox 585 2073 661 2100; x_wconf 90' lang='lat' dir='ltr'>cur</span> <span class='ocrx_word' id='word_1_171' title='bbox 677 2073 762 2099; x_wconf 90' lang='lat' dir='ltr'>non</span> <span class='ocrx_word' id='word_1_172' title='bbox 783 2057 1028 2117; x_wconf 82' lang='lat' dir='ltr'>simpliciter</span> <span class='ocrx_word' id='word_1_173' title='bbox 1046 2058 1197 2100; x_wconf 87' lang='lat' dir='ltr'>dixerit</span> <span class='ocrx_word' id='word_1_174' title='bbox 1217 2073 1225 2100; x_wconf 91' lang='lat'>:</span> <span class='ocrx_word' id='word_1_175' title='bbox 1243 2058 1386 2101; x_wconf 79' lang='lat' dir='ltr'>«Vidit</span> 
     </span>
     <span class='ocr_line' id='line_1_26' title="bbox 23 2128 1385 2187; baseline 0.003 -19"><span class='ocrx_word' id='word_1_176' title='bbox 23 2147 39 2168; x_wconf 85' lang='lat'>»</span> <span class='ocrx_word' id='word_1_177' title='bbox 55 2128 189 2171; x_wconf 86' lang='lat' dir='ltr'>Cham</span> <span class='ocrx_word' id='word_1_178' title='bbox 211 2129 486 2170; x_wconf 85' lang='lat' dir='ltr'>nudationem</span> <span class='ocrx_word' id='word_1_179' title='bbox 507 2129 657 2187; x_wconf 69' lang='lat' dir='ltr'>patrisg</span> <span class='ocrx_word' id='word_1_180' title='bbox 678 2148 692 2166; x_wconf 87' lang='lat'>»</span> <span class='ocrx_word' id='word_1_181' title='bbox 708 2130 780 2170; x_wconf 82' lang='lat' dir='ltr'>sed</span> <span class='ocrx_word' id='word_1_182' title='bbox 796 2161 806 2177; x_wconf 85' lang='lat'><strong><em>,</em></strong></span> <span class='ocrx_word' id='word_1_183' title='bbox 823 2128 962 2171; x_wconf 72' lang='lat' dir='ltr'>«Vidit</span> <span class='ocrx_word' id='word_1_184' title='bbox 987 2128 1119 2170; x_wconf 89' lang='lat' dir='ltr'>Cham</span> <span class='ocrx_word' id='word_1_185' title='bbox 1142 2137 1262 2187; x_wconf 85' lang='lat' dir='ltr'>pater</span> <span class='ocrx_word' id='word_1_186' title='bbox 1280 2129 1385 2172; x_wconf 87' lang='lat' dir='ltr'>Cha-</span> 
     </span>
     <span class='ocr_line' id='line_1_27' title="bbox 23 2197 1393 2258; baseline 0.003 -20"><span class='ocrx_word' id='word_1_187' title='bbox 23 2198 189 2240; x_wconf 73' lang='lat' dir='ltr'>»naan1</span> <span class='ocrx_word' id='word_1_188' title='bbox 209 2197 425 2255; x_wconf 68' lang='lat' dir='ltr'>3³»Utique</span> <span class='ocrx_word' id='word_1_189' title='bbox 455 2199 656 2241; x_wconf 83' lang='lat' dir='ltr'>Chanaan</span> <span class='ocrx_word' id='word_1_190' title='bbox 680 2207 801 2240; x_wconf 87' lang='lat' dir='ltr'>natus</span> <span class='ocrx_word' id='word_1_191' title='bbox 829 2215 913 2240; x_wconf 86' lang='lat' dir='ltr'>non</span> <span class='ocrx_word' id='word_1_192' title='bbox 940 2208 1029 2241; x_wconf 85' lang='lat' dir='ltr'>erat</span> <span class='ocrx_word' id='word_1_193' title='bbox 1053 2215 1061 2240; x_wconf 93' lang='lat'><strong>:</strong></span> <span class='ocrx_word' id='word_1_194' title='bbox 1089 2214 1164 2241; x_wconf 85' lang='lat' dir='ltr'>cur</span> <span class='ocrx_word' id='word_1_195' title='bbox 1186 2215 1284 2258; x_wconf 81' lang='lat' dir='ltr'>ergo</span> <span class='ocrx_word' id='word_1_196' title='bbox 1315 2216 1393 2242; x_wconf 93' lang='lat' dir='ltr'>no-</span> 
     </span>
     <span class='ocr_line' id='line_1_28' title="bbox 23 2267 1386 2316; baseline 0.002 -7"><span class='ocrx_word' id='word_1_197' title='bbox 23 2283 123 2310; x_wconf 89' lang='lat' dir='ltr'>men</span> <span class='ocrx_word' id='word_1_198' title='bbox 147 2267 305 2310; x_wconf 83' lang='lat' dir='ltr'>addidit</span> <span class='ocrx_word' id='word_1_199' title='bbox 323 2267 419 2316; x_wconf 84' lang='lat' dir='ltr'>filii3</span> <span class='ocrx_word' id='word_1_200' title='bbox 437 2268 515 2309; x_wconf 91' lang='lat' dir='ltr'>nisi</span> <span class='ocrx_word' id='word_1_201' title='bbox 532 2277 577 2310; x_wconf 87' lang='lat' dir='ltr'>ut</span> <span class='ocrx_word' id='word_1_202' title='bbox 593 2277 635 2310; x_wconf 91' lang='lat' dir='ltr'>et</span> <span class='ocrx_word' id='word_1_203' title='bbox 655 2269 754 2311; x_wconf 84' lang='lat' dir='ltr'>vitio</span> <span class='ocrx_word' id='word_1_204' title='bbox 775 2269 956 2311; x_wconf 81' lang='lat' dir='ltr'>auctoris</span> <span class='ocrx_word' id='word_1_205' title='bbox 972 2270 1281 2311; x_wconf 78' lang='lat' dir='ltr'>deformaretur</span> <span class='ocrx_word' id='word_1_206' title='bbox 1298 2271 1386 2312; x_wconf 83' lang='lat' dir='ltr'>hae-</span> 
     </span>
     <span class='ocr_line' id='line_1_29' title="bbox 28 2336 1389 2398; baseline 0.003 -20"><span class='ocrx_word' id='word_1_207' title='bbox 28 2336 201 2385; x_wconf 79' lang='lat' dir='ltr'>reditas,</span> <span class='ocrx_word' id='word_1_208' title='bbox 223 2346 264 2380; x_wconf 88' lang='lat' dir='ltr'>et</span> <span class='ocrx_word' id='word_1_209' title='bbox 281 2346 427 2379; x_wconf 83' lang='lat' dir='ltr'>auctor</span> <span class='ocrx_word' id='word_1_210' title='bbox 449 2337 521 2380; x_wconf 87' lang='lat' dir='ltr'>filii</span> <span class='ocrx_word' id='word_1_211' title='bbox 545 2339 729 2395; x_wconf 85' lang='lat' dir='ltr'>nequitia</span> <span class='ocrx_word' id='word_1_212' title='bbox 751 2347 994 2396; x_wconf 84' lang='lat' dir='ltr'>gravaretur</span> <span class='ocrx_word' id='word_1_213' title='bbox 1015 2341 1031 2382; x_wconf 68' lang='lat' dir='ltr'>&#39;z’</span> <span class='ocrx_word' id='word_1_214' title='bbox 1052 2339 1104 2381; x_wconf 89' lang='lat' dir='ltr'>Et</span> <span class='ocrx_word' id='word_1_215' title='bbox 1125 2348 1246 2398; x_wconf 83' lang='lat' dir='ltr'>pater</span> <span class='ocrx_word' id='word_1_216' title='bbox 1262 2340 1389 2397; x_wconf 79' lang='lat' dir='ltr'>igitur</span> 
     </span>
     <span class='ocr_line' id='line_1_30' title="bbox 32 2405 1385 2467; baseline 0.003 -19"><span class='ocrx_word' id='word_1_217' title='bbox 32 2408 74 2449; x_wconf 88' lang='lat' dir='ltr'>in</span> <span class='ocrx_word' id='word_1_218' title='bbox 98 2405 204 2455; x_wconf 87' lang='lat' dir='ltr'>filio,</span> <span class='ocrx_word' id='word_1_219' title='bbox 229 2415 270 2449; x_wconf 91' lang='lat' dir='ltr'>et</span> <span class='ocrx_word' id='word_1_220' title='bbox 286 2407 327 2448; x_wconf 93' lang='lat' dir='ltr'>in</span> <span class='ocrx_word' id='word_1_221' title='bbox 343 2416 462 2465; x_wconf 83' lang='lat' dir='ltr'>patre</span> <span class='ocrx_word' id='word_1_222' title='bbox 479 2407 587 2451; x_wconf 86' lang='lat' dir='ltr'>filius</span> <span class='ocrx_word' id='word_1_223' title='bbox 603 2410 930 2467; x_wconf 80' lang='lat' dir='ltr'>redarguuntur,</span> <span class='ocrx_word' id='word_1_224' title='bbox 949 2409 1153 2452; x_wconf 88' lang='lat' dir='ltr'>habentes</span> <span class='ocrx_word' id='word_1_225' title='bbox 1176 2411 1361 2452; x_wconf 75' lang='lat' dir='ltr'>stultitiae</span> <span class='ocrx_word' id='word_1_226' title='bbox 1374 2444 1385 2459; x_wconf 96' lang='lat'>,</span> 
     </span>
     <span class='ocr_line' id='line_1_31' title="bbox 32 2476 1386 2538; baseline 0.004 -20"><span class='ocrx_word' id='word_1_227' title='bbox 32 2476 249 2535; x_wconf 77' lang='lat' dir='ltr'>nequitiae,</span> <span class='ocrx_word' id='word_1_228' title='bbox 281 2477 502 2536; x_wconf 86' lang='lat' dir='ltr'>impietatis</span> <span class='ocrx_word' id='word_1_229' title='bbox 538 2495 706 2538; x_wconf 87' lang='lat' dir='ltr'>quoque</span> <span class='ocrx_word' id='word_1_230' title='bbox 738 2495 963 2523; x_wconf 85' lang='lat' dir='ltr'>commune</span> <span class='ocrx_word' id='word_1_231' title='bbox 997 2480 1269 2523; x_wconf 83' lang='lat' dir='ltr'>consortium.</span> <span class='ocrx_word' id='word_1_232' title='bbox 1300 2480 1386 2524; x_wconf 74' lang='lat' dir='ltr'>Nec,</span> 
     </span>
    </p>
   </div>
   <div class='ocr_carea' id='block_1_10' title="bbox 85 2571 336 2614">
    <p class='ocr_par' dir='ltr' id='par_1_14' title="bbox 85 2571 336 2614">
     <span class='ocr_line' id='line_1_32' title="bbox 85 2571 336 2614; baseline 0.012 -11"><span class='ocrx_word' id='word_1_233' title='bbox 85 2581 95 2596; x_wconf 79' lang='lat'>¹</span> <span class='ocrx_word' id='word_1_234' title='bbox 114 2571 198 2605; x_wconf 82' lang='lat' dir='ltr'>Gen.</span> <span class='ocrx_word' id='word_1_235' title='bbox 216 2583 262 2614; x_wconf 72' lang='grc' dir='ltr'>ιι,</span> <span class='ocrx_word' id='word_1_236' title='bbox 285 2585 336 2606; x_wconf 76' lang='lat' dir='ltr'>n.</span> 
     </span>
    </p>
   </div>
  </div>
 </body>
</html>
