1742 3233
263 276 346 320 282
802 294 834 322 ε.
872 292 1062 323 Aunnosu

261 437 303 453 m
307 436 390 456 wum
394 435 526 454 ΝἉΜΝἊ
530 437 617 453 ᾺΝνᾺ
621 437 883 454 ΚἏΝΜΜΏΛΛΑἉἉῚ
888 438 927 452 »Ἃ
933 439 972 453 xx&
978 436 1290 454 §XNWUSWXWSWNWM
1294 438 1517 456 ΜΜΜΜΛΜ
1521 440 1609 458 ΝΜ

788 542 973 623 ὈΑΡΙΣΤ
1005 580 1075 622 ΙΙΙ.

262 741 351 784 Per
373 741 539 797 fontem
564 741 786 797 paradisi,
822 741 1046 784 Christum
1064 761 1082 793 ,·
1108 757 1188 800 per
1208 751 1392 798 quatuor
1413 740 1614 801 flumina

322 812 425 853 inde
443 812 631 853 orientia
645 844 659 860 ,
683 813 870 853 virtutes
891 811 1138 854 cardinales
1153 844 1163 863 ,
1188 822 1227 853 et
1247 822 1435 867 quatuor
1454 811 1617 853 mundi

324 892 468 925 oetales
493 883 735 941 designari·

322 1040 417 1083 XII.
454 1040 536 1082 EST
554 1055 652 1098 ergo
671 1040 887 1098 paradisus
910 1048 1020 1082 terra
1038 1040 1230 1097 quaedam
1247 1039 1409 1089 fertilis,
1434 1038 1517 1082 hoc
1538 1048 1616 1089 est,

270 1109 406 1151 anima
432 1110 626 1152 foecunda
641 1143 651 1159 ,
679 1110 721 1151 in
744 1111 862 1152 Eden
885 1112 1092 1168 plantata,
1122 1109 1204 1151 hoc
1229 1118 1312 1158 est,
1343 1110 1386 1151 in
1407 1110 1620 1167 voluptate

270 1182 450 1236 quadam
471 1182 537 1222 vcl
559 1181 783 1222 exercitata
806 1189 916 1222 terra
931 1214 940 1229 ,
969 1180 1009 1221 in
1035 1195 1117 1236 qua
1139 1180 1285 1221 animae
1309 1180 1361 1221 sit
1383 1178 1614 1221 delectatio.

269 1250 340 1292 Est
352 1251 477 1292 etiam
492 1257 570 1297 νοῦς
588 1258 787 1306 tanquam
804 1251 938 1291 Adam
956 1265 964 1290 ε
992 1258 1053 1291 est
1066 1257 1107 1290 et
1124 1265 1282 1297 seusus,
1304 1258 1503 1306 tanquam
1518 1247 1616 1289 Eva.

272 1321 333 1363 Ac
362 1336 414 1362 ne
439 1321 616 1362 haberes
638 1322 750 1377 quod
776 1322 827 1361 ad
849 1319 1062 1362 infirmum
1086 1328 1328 1376 retoquercs
1350 1327 1531 1367 naturae,
1557 1319 1625 1360 vel

272 1391 325 1431 ad
350 1389 572 1431 obnoxiam
604 1390 645 1431 in
670 1390 896 1432 tolerandis
924 1389 1120 1448 periculis
1143 1389 1453 1438 conditionem,
1486 1387 1626 1431 consi-

274 1460 373 1501 dera
391 1475 482 1516 quae
498 1460 652 1502 haheat
672 1460 809 1502 anima
826 1459 901 1501 ista
921 1459 1117 1501 subsidia.

331 1529 447 1572 XIII.
485 1530 583 1571 Erat
610 1530 701 1572 sons
723 1530 794 1586 qui
820 1529 1010 1586 irrigaret
1031 1529 1284 1587 paradisum.
1309 1528 1395 1581 Qui
1414 1528 1528 1578 sons,
1548 1528 1627 1571 nisi

271 1598 474 1641 Dominus
496 1599 617 1641 Jesus
648 1599 876 1641 Christus?
902 1601 1013 1642 Fons
1043 1600 1134 1641 vitae
1154 1607 1319 1641 aeternae
1344 1609 1426 1649 est,
1455 1600 1564 1642 sicut
1586 1608 1629 1642 et

271 1669 419 1716 Pater3
443 1669 539 1724 quia
556 1669 759 1726 scriptum
777 1677 864 1711 est:
894 1687 909 1707 «
928 1669 1138 1721 Quoniam
1156 1671 1266 1727 apud
1282 1677 1322 1711 te
1338 1670 1430 1712 fons
1447 1669 1581 1712 vitae¹.
1601 1689 1617 1711 >2

272 1738 484 1794 Denique,
511 1756 526 1776 (ι
548 1738 742 1779 ΡΙιΠΠέΠῑὶ
768 1740 819 1780 de
844 1747 990 1780 ventre
1016 1739 1105 1796 ejus
1132 1739 1266 1780 ssuent
1287 1755 1401 1795 aquae
1422 1739 1522 1781 vivae
1542 1738 1574 1781 ².
1602 1757 1618 1778 »

272 1807 326 1849 Et
342 1807 432 1849 fons
449 1807 614 1864 legitur,
632 1815 672 1849 et
688 1807 839 1850 fluvius
858 1809 1011 1866 legitur
1028 1809 1099 1866 qui
1116 1809 1258 1866 irrigat
1274 1808 1453 1867 paradisi
1469 1809 1631 1866 lignum

274 1875 563 1926 fructuosum,
601 1878 713 1933 quod
735 1877 840 1918 serat
869 1877 1054 1919 fructum
1081 1878 1123 1919 in
1153 1879 1282 1919 vitam
1310 1886 1523 1920 aeternam.
1551 1877 1631 1920 Hic

274 1962 372 2005 ergo
395 1948 511 1996 sons,
537 1946 644 1989 sicut
672 1948 829 2005 legisti:
861 1965 877 1986 a
898 1948 1009 1990 Fons
1031 1948 1143 1989 enim
1170 1949 1331 2005 inquit,
1359 1949 1550 2006 procedit
1581 1965 1631 1992 ex

276 2015 438 2065 §Edem
459 2035 473 2054 »
504 2017 545 2058 id
563 2025 647 2065 est,
667 2016 709 2058 in
728 2017 864 2058 anima
887 2026 957 2059 tua
974 2017 1064 2059 sons
1087 2027 1161 2060 est.
1191 2019 1309 2060 [nde
1325 2005 1523 2061 Salomon
1545 2019 1627 2061 ait:

288 2105 303 2125 (ι
327 2088 431 2130 Bibe
454 2103 603 2143 aquam
633 2089 682 2128 de
707 2088 788 2130 tuis
812 2088 937 2136 vasis,
962 2096 1004 2129 et
1030 2090 1080 2130 de
1103 2097 1330 2146 puteorum
1347 2098 1516 2131 tuorum
1537 2089 1619 2131 fon—

277 2157 418 2198 »tibus
443 2156 472 2199 ³.
502 2175 518 2195 »
546 2157 624 2198 Hic
654 2166 718 2198 est
738 2157 829 2199 sons
855 2158 926 2214 qui
957 2159 1151 2215 procedit
1172 2174 1223 2200 ex
1246 2159 1314 2200 issa
1346 2159 1570 2200 exercitata
1591 2167 1634 2201 et

277 2228 399 2283 plena
428 2226 650 2283 voluptatis
681 2227 816 2268 anima
842 2242 852 2269 ε
883 2227 951 2269 hic
981 2228 1071 2269 sons
1097 2229 1168 2284 qui
1201 2229 1342 2286 irrigat
1365 2229 1630 2286 paradisum,

278 2297 359 2339 hoc
381 2304 468 2345 est,
493 2296 664 2337 virtutes
682 2297 828 2339 animae
850 2297 1179 2339 eminentissimo
1201 2298 1350 2340 merito
1371 2298 1627 2356 pullulantis.

335 2365 447 2409 XIV.
496 2384 509 2403 (ι
528 2366 579 2407 Et
602 2366 798 2407 dividitur
813 2399 823 2414 ,
849 2367 1008 2423 inquit,
1027 2367 1096 2408 hic
1120 2367 1210 2409 fons
1235 2368 1276 2408 in
1299 2376 1479 2424 quatuor
1500 2367 1628 2410 initia.

280 2454 295 2474 n
308 2435 470 2478 Nomen
487 2443 548 2476 est
569 2436 642 2476 uni
659 2436 812 2477 Phison
831 2452 839 2477 :
861 2437 929 2478 hic
947 2445 1009 2478 est
1032 2437 1102 2493 qui
1125 2438 1275 2479 circuit
1290 2453 1459 2480 omnem
1479 2446 1636 2492 terram

282 2522 298 2545 »
311 2504 490 2553 Evilath‚
510 2504 583 2546 ubi
601 2513 663 2547 est
681 2520 840 2547 aurum.
863 2507 1001 2549 Terrae
1018 2514 1157 2548 autem
1179 2507 1288 2549 illius
1307 2522 1456 2550 aurum
1477 2508 1637 2550 bonum

329 2616 338 2631 ¹
360 2606 444 2640 Psal.
458 2618 558 2646 xxxv,
579 2618 626 2640 ιο.
648 2627 689 2634 -
707 2619 718 2633 ²
737 2609 832 2642 Joan.
850 2621 910 2648 vn,
925 2609 977 2642 58.
993 2628 1033 2635 —
1052 2612 1064 2633 3
1082 2610 1177 2643 Prov.
1194 2621 1225 2648 v,
1248 2611 1297 2642 15.
