1742 3233
351 236 436 291 ⁵70
491 227 497 231 ’
877 248 928 283 ⁴s.
969 249 1157 279 annnosu

351 331 472 374 truo,
510 344 524 363 «
541 325 633 368 Non
657 326 847 383 capiebat
870 342 940 368 eos
964 326 1114 370 terra².
1144 346 1158 366 n
1184 328 1304 371 Nulla
1332 330 1444 372 enim
1461 331 1591 388 spatia
1607 347 1704 389 pos-

352 405 448 438 sunt
470 396 566 437 satis
590 411 678 437 esse
710 397 973 439 discordibus
998 412 1007 439 ε
1033 398 1183 454 quietis
1205 408 1246 441 et
1273 401 1459 457 pacificis
1481 402 1606 443 etiam
1630 417 1704 443 an-

355 475 470 523 gusta
487 467 701 507 abundant
719 482 727 507 :
751 467 926 509 dissonis
937 469 1125 510 moribus
1142 469 1264 510 etiam
1281 471 1458 526 spatiosa
1476 479 1700 512 arctantur.

351 535 403 577 Et
421 535 515 592 quia
539 551 558 577 a
578 536 782 593 principio
801 537 884 578 dixi
904 546 1092 579 montem
1113 538 1181 580 hic
1203 539 1372 581 formari
1393 541 1595 589 hominis,
1615 540 1707 597 q'uae

354 621 374 648 a
398 606 603 664 principio
628 607 871 664 imperfecta
887 608 1045 657 suerat,
1070 611 1143 650 sed
1169 625 1244 666 per
1266 599 1526 653 incrementa
1549 619 1590 652 et
1611 626 1707 668 gra-

349 677 425 719 dus
442 678 644 733 quosdam
660 677 848 734 proficit,
870 679 961 720 ideo
983 679 1063 720 ait:
1087 697 1102 717 «
1121 679 1211 721 Non
1234 681 1509 737 capiebateos
1528 690 1638 722 terra
1654 695 1663 722 ε
1679 699 1696 721 1>

353 748 434 790 hoc
450 757 511 790 est
526 782 535 796 ,
561 764 644 790 una
661 750 797 790 anima
820 759 958 791 motus
980 750 1164 792 diversos
1182 767 1264 792 non
1288 752 1518 809 recipiebat
1532 760 1709 794 natura-

351 818 446 860 liter
467 819 545 860 sibi
567 828 859 876 repugnantes.
886 821 1025 863 Potest
1043 829 1182 862 tamen
1200 820 1289 862 fieri
1318 829 1366 862 ut
1393 821 1604 863 interdum
1618 836 1708 863 non

355 889 494 929 omnia
518 888 558 929 in
581 904 664 930 uno
681 892 913 946 eodemque
935 890 1118 947 perfecta
1133 891 1238 940 sint3
1258 891 1388 948 possit
1410 899 1549 933 tamen
1569 892 1708 948 aliqua

354 958 452 999 vitia
491 974 563 1000 sua
605 960 768 1016 operire
786 994 796 1009 ,
841 962 907 1002 vel
947 969 1086 1003 motus
1129 977 1223 1003 suos
1267 970 1500 1020 temperare
1524 977 1533 1004 ε
1559 963 1591 1003 si
1639 969 1711 1004 aut
1741 968 1742 976 ¹

353 1028 472 1084 plura
495 1028 603 1070 bona
627 1029 709 1071 sint
729 1030 880 1086 quihus
903 1031 1100 1088 pauciora
1122 1032 1219 1073 vitia
1247 1033 1408 1089 operiat
1433 1047 1442 1073 :
1469 1040 1540 1074 aut
1565 1045 1713 1089 repen-

354 1097 484 1139 tinam
508 1099 835 1141 commotionem
869 1102 1042 1142 consilio
1066 1102 1294 1143 maturiore
1318 1102 1519 1144 rcssectat.
1555 1100 1710 1144 Verum

357 1167 388 1209 si
410 1184 461 1210 ex
477 1177 653 1226 utraque
674 1180 791 1227 parte
815 1173 934 1227 plura
953 1181 1211 1213 concurrant
1229 1172 1393 1214 dissona
1413 1187 1461 1213 ac
1480 1187 1712 1229 repugnan-

351 1237 408 1280 tia
429 1271 440 1287 ,
474 1239 676 1281 habitatio
709 1241 1036 1298 discrepantium
1070 1241 1273 1284 virtutum
1315 1258 1361 1284 ac
1392 1242 1635 1300 passionum
1665 1242 1711 1284 in

356 1323 439 1349 una
475 1309 611 1351 anima
637 1311 820 1352 solvatur
853 1326 1023 1354 necesse
1055 1321 1129 1355 est.
1168 1312 1366 1370 Figurate
1398 1328 1497 1369 ergo
1528 1312 1713 1354 animam

360 1381 593 1421 secundum
613 1380 1047 1438 physiologosterram
1067 1383 1300 1439 appellavit.
1327 1382 1432 1424 Nam
1453 1390 1496 1425 ot
1515 1382 1713 1424 Salomon

356 1448 437 1490 ait:
475 1468 490 1487 «
513 1451 730 1507 Tanquam
757 1445 1012 1507 agricultura
1039 1453 1166 1494 homo
1188 1452 1433 1510 imprudens
1442 1451 1479 1500 2;
1510 1470 1527 1491 »
1552 1466 1652 1508 2quae
1678 1451 1713 1494 ei

355 1518 550 1561 foecunda
572 1520 625 1561 sit
652 1520 800 1577 opimis
824 1530 1012 1579 segetum
1033 1522 1265 1571 fructibus,
1291 1523 1551 1565 abscondere
1576 1529 1714 1579 potest

354 1589 493 1646 spinas
523 1605 532 1631 z
559 1590 621 1631 sin
644 1606 743 1632 vero
759 1591 894 1648 spinae
924 1601 1177 1634 concurrant
1204 1591 1365 1642 aristis,
1398 1591 1567 1634 secandi
1589 1592 1711 1633 nuth

357 1667 419 1701 est
442 1660 574 1717 copia.

411 1728 588 1772 XXVII.
627 1731 712 1782 Qui
743 1732 868 1789 igitur
896 1740 1084 1789 pastores
1114 1732 1220 1781 sint,
1246 1742 1288 1775 et
1308 1747 1489 1789 quorum
1520 1732 1713 1774 animan-

353 1799 459 1842 tium
474 1835 484 1850 ‚
506 1810 547 1844 et
560 1818 659 1859 ‘quae
682 1803 768 1845 rixa
789 1804 898 1845 inter
914 1812 1100 1861 pastores
1123 1803 1303 1845 Abrahae
1324 1812 1365 1845 et
1391 1803 1501 1846 inter
1516 1814 1711 1860 ‘pastores

351 1872 434 1917 Lot
462 1874 779 1916 consideremus
795 1874 823 1917 ³.
857 1875 1048 1918 Pastores
1077 1883 1174 1916 sunt
1196 1874 1384 1931 magistri
1403 1889 1584 1932 gregum
1606 1907 1617 1924 ,
1648 1876 1716 1917 vel

348 1943 574 2000 diligentes
595 1952 637 1986 et
653 1945 779 1986 sobrii
795 1977 806 1993 ,
831 1960 915 1986 non
938 1945 1122 1986 sinentes
1142 1959 1337 2001 agrorum
1362 1946 1474 1986 culta
1492 1945 1629 1987 obteri
1643 1960 1717 2003 pe·-

355 2013 418 2056 dis
445 2014 642 2071 vestigio,
679 2023 803 2072 atque
822 2015 1158 2057 adurisentibus
1188 2030 1196 2056 :
1221 2016 1287 2057 vel
1302 2014 1564 2072 negligentes
1584 2023 1628 2057 et
1643 2030 1716 2057 re·-

350 2083 469 2126 missi
491 2117 501 2133 ,
536 2085 607 2141 qui
643 2101 728 2127 non
753 2094 960 2128 :revocent
993 2101 1122 2143 pecus
1155 2100 1305 2134 suum„
1337 2100 1421 2142 quo
1455 2085 1638 2128 herbosa
1666 2093 1716 2127 -et

351 2169 443 2197 non
467 2154 683 2198 fructuosa
706 2164 924 2213 pascatur,
955 2157 1028 2198 sed
1048 2156 1179 2198 libere
1205 2155 1442 2213 vagariper
1466 2155 1601 2197 varios
1627 2154 1716 2212 agri

356 2223 686 2268 fluctussinant.
711 2227 896 2268 Istorum
917 2241 1015 2283 ergo
1038 2234 1254 2283 pastorum
1279 2227 1407 2267 solers
1424 2225 1619 2267 custodia
1633 2239 1715 2266 ‚ne-

350 2295 538 2337 <cessaria
560 2303 647 2345 est3
685 2310 739 2338 ne
756 2296 864 2337 forte
894 2284 1131 2337 ascribatur
1153 2295 1445 2353 diligentibus,
1473 2296 1586 2352 quod
1599 2308 1716 2336 emn-

350 2364 409 2406 ‘tit
436 2365 736 2423 negligentium
757 2365 938 2408 incunia.
966 2365 1049 2407 Sed
1073 2366 1166 2422 quia
1191 2381 1276 2408 mm
1293 2380 1437 2407 sermo
1468 2367 1519 2407 de
1543 2363 1716 2411 visibili—

359 2434 461 2483 bus,
486 2435 580 2477 ideo
608 2436 728 2493 cujus
754 2436 917 2494 pecoris
937 2444 1124 2494 pastores
1144 2436 1227 2478 sint
1243 2436 1358 2494 prius
1372 2435 1708 2478 *consideremus-

347 2504 544 2550 -P-asuones
557 2506 637 2549 hos
652 2506 829 2549 definire
842 2521 1082 2564 possumus.
1101 2524 1122 2544 ’,α
1137 2506 1328 2549 Pastooees
1341 2538 1354 2556 ,
1371 2506 1510 2563 inquit
1522 2537 1533 2554 ,
1550 2504 1717 2563 fimen-

404 2604 413 2619 ¹
436 2597 518 2629 Gen.
536 2608 606 2635 xm,
626 2597 656 2630 6.
675 2616 714 2623 —-
733 2608 745 2623 ²
765 2598 862 2631 Prov.
878 2608 970 2632 xxiv.
989 2615 1030 2622 -
1046 2599 1059 2622 ³
1078 2596 1164 2631 Gen.
1178 2608 1251 2635 xm,
1271 2609 1302 2640 7.
