1742 3233
355 312 437 358 336
897 331 925 356 s.
972 328 1156 356 menesii

350 411 391 452 in
415 414 649 466 serpentem
676 406 807 464 gravis
822 438 832 454 ‚
856 420 953 447 cum
975 405 1099 447 etiam
1122 405 1278 453 Adam,
1303 399 1372 461 qui
1401 403 1529 448 levius
1551 421 1697 464 pecca-

350 480 424 526 vit,
448 478 517 520 tali
544 477 849 518 condemnatur
871 475 1090 516 sententia.

411 546 581 600 LXXV.
619 545 831 602 Scriptum
852 553 911 586 est
931 544 1067 585 enim:
1095 562 1110 582 ‹<
1133 543 1351 585 Maledicta
1377 548 1483 586 terra
1502 545 1543 586 iu
1562 546 1700 603 operi-

351 619 458 659 »bus
485 616 596 657 tuis:
623 616 664 656 in
698 615 863 656 tristitia
898 613 1171 654 manducabis
1199 629 1291 654 cam
1319 630 1463 656 omnes
1497 616 1583 657 dies
1608 616 1699 657 vitae

351 706 366 726 »
383 696 461 728 tuae
477 686 506 727 ¹.
535 704 550 724 »
582 686 753 726 Videtur
770 692 882 725 certe
903 683 1128 724 similitudo
1147 686 1337 739 quaedam
1356 700 1443 725 esse
1462 686 1697 727 sententiae:

352 758 422 797 sed
452 764 591 796 tamen
618 754 659 794 in
693 753 778 809 ipsa
809 753 1079 793 similitudine
1107 767 1254 809 magna
1285 754 1494 795 discretio.
1527 755 1703 796 Interest

351 825 461 867 enim
475 831 617 864 utrum
635 823 863 862 manducet
876 821 1020 877 aliquis
1036 830 1207 870 terram,
1225 824 1331 864 sicut
1346 824 1527 880 serpenti
1543 812 1702 866 dictum

352 902 436 943 est,
459 892 554 950 quia
584 900 739 933 terram
767 891 1067 933 manducabit:
1096 907 1146 933 an
1176 908 1274 933 vero
1298 894 1404 934 sicut
1430 893 1590 934 homini
1615 893 1705 934 ‹lic-

354 974 446 1006 tum
469 971 554 1004 cst:
592 981 607 1000 «
632 962 678 1002 In
701 961 863 1003 tristitia
888 961 1174 1003 manducabis.
1205 980 1219 1000 >›
1260 962 1447 1017 Adjectio
1469 963 1579 1003 enim
1606 963 1704 1011 ista,

365 1053 379 1072 α
409 1034 457 1074 In
486 1031 670 1077 tristitia,
704 1048 719 1068 »
761 1029 1054 1071 discretionem
1088 1031 1198 1072 facit.
1235 1032 1440 1073 Discretio
1467 1047 1589 1087 quam
1623 1032 1708 1073 vim

353 1106 522 1151 habeat,
541 1102 768 1143 considera.
786 1101 951 1142 Bonum
969 1110 1029 1142 est
1048 1101 1149 1142 mihi
1169 1102 1208 1142 in
1230 1101 1393 1144 tristitia
1408 1102 1537 1159 magis
1552 1111 1708 1144 terram

354 1174 609 1216 manducare
630 1205 640 1220 ‚
669 1187 792 1226 quam
834 1171 874 1212 in
905 1171 1207 1219 delectatione,
1240 1172 1321 1213 hoc
1355 1181 1439 1220 est,
1468 1181 1514 1214 ut
1542 1173 1580 1213 iu
1613 1181 1710 1214 actu

357 1245 538 1301 quodam
559 1250 600 1283 et
623 1246 744 1282 ‘sensu
768 1241 954 1297 corporis
973 1241 1209 1282 contristari
1228 1242 1390 1290 videar,
1419 1257 1543 1298 quain
1569 1244 1710 1283 delec-

358 1314 435 1356 tari
455 1313 497 1353 in
519 1319 705 1368 peccato.
734 1310 853 1351 Multi
870 1310 978 1350 enim
1004 1319 1175 1366 propter
1200 1311 1347 1352 nimias
1370 1312 1606 1367 iniquitates
1625 1328 1709 1353 non

357 1383 588 1439 suscipiunt
606 1379 765 1436 peccati
784 1379 1096 1420 conscientiam.
1120 1380 1170 1420 Et
1188 1395 1285 1420 vero
1304 1380 1370 1421 ille
1387 1381 1458 1436 qui
1473 1381 1554 1422 ait:
1581 1399 1596 1418 «
1616 1381 1710 1422 Cas-

355 1472 372 1494 »
387 1454 469 1509 tigo
487 1465 636 1507 corpus
659 1464 816 1497 meum,
841 1457 881 1489 ct
905 1449 1090 1490 servituti
1110 1450 1252 1506 redigo
1270 1449 1302 1497 ²,
1331 1467 1345 1487 >›
1375 1450 1645 1490 contristatur
1667 1449 1710 1490 in

358 1530 599 1564 nostrorum
616 1518 858 1575 poenitentia
886 1527 1156 1574 peccatorum
1177 1535 1187 1566 3
1212 1519 1308 1575 quia
1327 1534 1398 1560 sua
1424 1527 1534 1560 tanta
1557 1519 1706 1561 delicta

360 1607 444 1634 non
465 1589 613 1633 habuit
629 1620 639 1636 ,
664 1596 710 1628 ut
733 1588 773 1628 in
795 1587 858 1628 his
877 1588 1113 1629 contristari
1134 1589 1318 1630 deberet.
1345 1589 1535 1644 Denique
1560 1596 1602 1630 et
1633 1604 1710 1629 no-

359 1664 423 1705 bis
455 1661 600 1703 suadet
628 1658 773 1699 utilem
806 1657 926 1699 istam
958 1673 1045 1698 esse
1080 1657 1289 1698 tristitiam
1314 1690 1324 1705 ,
1361 1672 1452 1713 quae
1479 1659 1711 1699 secundum

357 1733 515 1778 Deum,
540 1743 624 1770 non
648 1728 878 1768 secundum
902 1728 1099 1767 saeculum
1124 1735 1197 1768 cst.
1230 1727 1430 1783 Oportet,
1457 1727 1613 1783 inquit,
1639 1742 1710 1768 vos

359 1798 594 1844 contristari
617 1798 658 1838 in
687 1796 975 1853 poeniteutiam
1001 1796 1234 1837 secundum
1256 1797 1418 1844 Deum,
1448 1812 1545 1837 nam
1568 1812 1712 1838 sccun-

360 1872 458 1912 (lum
476 1870 612 1910 Deum
634 1866 796 1908 tristitia
809 1868 986 1907 salutem
1000 1874 1196 1923 operatur
1210 1899 1220 1915 ,
1240 1867 1378 1907 saeeuli
1393 1874 1532 1907 autem
1548 1867 1710 1908 tristitia

360 1948 540 1984 mortem
569 1944 765 1993 operatur
795 1935 822 1976 ³.
856 1935 937 1976 Sed
965 1944 1006 1977 et
1033 1938 1084 1977 de
1112 1936 1249 1977 ¹reteri
1274 1937 1541 1977 'sest-amento
1570 1937 1711 1994 accipe

363 2013 453 2053 illos
470 2010 521 2050 ad
538 2006 711 2064 gratiam
728 2006 980 2062 pervenisse,
999 2006 1069 2061 qui
1088 2006 1444 2046 contristabantur
1456 2005 1497 2047 in
1516 2006 1712 2063 operibus

305 2135 310 2140 η
362 2078 674 2138 corporalibus3
701 2075 791 2117 illos
812 2090 910 2116 vero
939 2076 980 2116 in
1007 2076 1209 2132 supplicio
1236 2075 1506 2124 remansisse,
1537 2076 1607 2131 qui
1637 2077 1713 2117 de-

363 2151 625 2196 lectabantur
657 2147 782 2203 hujus
816 2145 963 2187 mundi
987 2147 1194 2203 operibus.
1231 2146 1420 2201 Denique
1445 2146 1609 2187 Hebraei
1642 2145 1712 2201 qui

366 2219 692 2279 ingemiscebant
717 2217 758 2258 in
785 2217 996 2258 laboribus
1027 2215 1194 2272 AEgypti
1223 2215 1233 2235 s·
1254 2248 1265 2263 ‚
1298 2216 1507 2271 justorum
1537 2215 1711 2272 gratiam

363 2289 578 2336 consecuti
595 2295 702 2330 sunt.
724 2287 777 2328 Et
796 2286 893 2342 quia
915 2301 1062 2343 panem
1084 2286 1124 2326 in
1144 2285 1311 2326 tristitia
1332 2286 1708 2334 manducaverunt,

362 2377 456 2404 esca
489 2358 630 2401 donati
659 2365 753 2398 sunt
786 2356 957 2412 spiritali
985 2371 993 2397 :
1023 2355 1206 2412 AEgyptii
1233 2371 1330 2396 vero
1363 2355 1433 2411 qui
1463 2355 1559 2396 talia
1585 2370 1712 2411 opera

363 2446 460 2474 cum
482 2427 734 2471 exultatione
761 2426 1054 2473 celebrabant,
1080 2425 1165 2482 regi
1189 2424 1422 2466 detestabili
1453 2424 1678 2466 servientes
1697 2455 1709 2473 ,

358 2503 518 2545 nullam
534 2497 699 2541 veniam
721 2504 817 2538 sunt
836 2495 971 2553 adepti
995 2495 1025 2537 ⁵.

406 2619 416 2633 ι
430 2608 510 2640 Gen.
529 2617 580 2646 m,
599 2617 648 2648 17.
668 2623 707 2629 —
725 2611 736 2626 ²
761 2615 771 2636 1
791 2604 866 2637 Cor.
886 2615 930 2645 lx,
949 2614 996 2646 ²7·
1017 2621 1056 2628 —
1073 2605 1086 2627 ³
1106 2615 1121 2635 ει
1139 2602 1189 2635 Id.
1209 2613 1267 2638 vu,
1281 2613 1313 2645 9,
1331 2612 1378 2650 1¹0.
1395 2622 1434 2630 -
1451 2603 1463 2628 4
1481 2599 1584 2634 Exod.
1605 2610 1641 2642 u,
1659 2598 1708 2638 24.

369 2664 387 2687 Ἰ
403 2662 455 2695 Id.
473 2672 527 2694 xvx
542 2685 549 2698 ‚
572 2660 623 2695 ιζ’),
639 2664 671 2692 et
685 2668 770 2701 seqq.

1737 1306 1742 1428 ——...,
1737 1183 1742 1298 „sm
1737 1109 1742 1173 ,μ’
1738 1091 1742 1101 -
1737 1027 1742 1081 ..ἦ
1736 830 1742 1020 -μῇ-μ
1734 481 1742 810 mmm-Qu
