1742 3233
305 280 391 331 400
852 293 884 321 s.
924 288 1115 321 Amin-osu

299 378 345 412 et
365 384 549 426 congrua
567 368 835 411 distinctione
858 377 1052 411 teneatur
1067 384 1263 411 mensura
1281 370 1477 427 legitimae
1501 370 1666 413 divisio-

305 440 392 488 nis,
419 448 460 480 et
489 438 707 480 assiduitas
730 440 999 481 commendet
1026 439 1228 496 gratiam3
1252 447 1353 482 tunc
1375 440 1420 481 fit
1445 441 1548 482 illud
1570 441 1669 498 pin-
1723 459 1729 486 t

307 525 388 567 gue
404 541 414 557 ,
439 517 481 550 et
516 517 716 565 tanquam
739 509 899 566 adipale
926 509 1177 567 precationis
1199 525 1329 551 o“enus
1347 542 1358 558 ,
1385 512 1435 552 de
1458 526 1539 567 quo
1565 511 1668 554 dICit

305 579 514 636 Propheta
545 595 553 620 :
580 597 595 617 «
619 579 895 636 Impinguasti
919 579 960 621 in
1001 580 1093 621 oleo
1125 587 1252 637 caput
1287 580 1468 622 meum'.
1498 598 1513 619 »
1551 580 1669 623 Sicut
1726 594 1734 633 ;·

306 651 420 692 enim
459 649 552 706 agui
582 651 716 691 multo
746 650 1193 707 lactepinguescunt,
1226 658 1267 691 et
1299 650 1407 692 sieut
1436 666 1531 692 oves
1558 651 1668 693 bene
1726 639 1731 658 ἐ

306 728 435 777 pastae
469 720 589 775 adipe
621 719 754 759 nitent
779 733 788 759 ε
822 718 877 760 ita
908 719 1135 775 apostolico
1166 734 1293 761 succo
1334 727 1450 776 pasta
1478 718 1669 761 fidelium
1728 740 1742 771 μ

307 788 543 846 pinguescit
564 787 710 829 oratio.

368 860 530 902 XXIII.
570 859 732 900 Horum
763 858 795 899 si
825 858 932 900 desit
954 858 1110 914 aliquid
1136 874 1227 915 quae
1260 859 1448 916 superius
1470 859 1667 908 diximus,

307 929 565 972 sacrificium
598 944 682 969 non
711 929 927 986 probatur.
959 929 1143 985 Ideoque
1177 929 1419 970 dictumest
1447 931 1499 971 ad
1527 928 1630 971 Catu
1656 944 1665 971 :

315 1018 331 1040 α
357 1000 399 1041 Si
432 1008 544 1042 recte
567 998 739 1046 offeras,
777 1013 861 1039 non
894 1007 1034 1040 autem
1066 1007 1180 1041 recte
1208 999 1368 1041 dividas
1387 1032 1397 1048 ,
1434 999 1612 1057 peceasi.
1643 1018 1658 1039 »

304 1071 495 1127 Namque
526 1071 708 1119 mundus
740 1069 826 1126 ipse
848 1068 1042 1110 distincte
1076 1069 1228 1126 legitur
1250 1069 1406 1118 sactus,
1434 1084 1533 1112 cum
1561 1076 1671 1111 esset

307 1149 404 1183 ante
426 1138 703 1195 incomposita
726 1153 820 1194 pars
844 1137 960 1193 ejusg
991 1138 1086 1194 quia
1122 1139 1281 1180 «Terra
1305 1147 1394 1181 erat
1421 1138 1636 1181 invisibilis
1656 1170 1668 1186 ,

306 1218 378 1251 »et
401 1207 715 1265 incomposita2.
746 1226 761 1245 »
790 1207 949 1264 Nempe
967 1209 1038 1249 lux
1054 1208 1236 1264 primum
1252 1209 1362 1250 sacta
1380 1217 1442 1250 est
1456 1241 1467 1257 ,
1492 1217 1534 1250 et
1550 1223 1671 1250 voca-

307 1280 365 1322 vit
389 1280 501 1320 Deus
524 1279 685 1325 lucem,
715 1285 756 1318 et
779 1277 983 1333 separavit
1015 1278 1127 1318 Deus
1159 1278 1268 1319 inter
1289 1280 1451 1327 lucem,
1486 1287 1528 1320 et
1550 1286 1648 1320 tene
1663 1304 1671 1309 -

306 1350 403 1392 bras
417 1382 427 1397 ,
447 1357 488 1390 et
508 1355 665 1390 vocatae
684 1354 782 1388 sunt
800 1347 982 1388 tenebrae
1006 1361 1100 1388 nox.
1128 1346 1181 1388 Et
1198 1363 1272 1404 per
1295 1347 1487 1389 ordinem
1509 1348 1670 1405 singula

304 1420 419 1477 quod
446 1418 553 1460 facta
582 1418 662 1458 sint
687 1416 864 1473 legimus
882 1448 893 1464 ,
923 1417 1101 1465 coe'lum,
1127 1424 1262 1465 terra,
1295 1417 1405 1473 ligna
1422 1416 1667 1467 ‘fructifer-a,

306 1489 501 1532 animalia
525 1488 699 1529 diversa.
723 1486 956 1527 Distributa
979 1494 1117 1527 autem
1137 1495 1233 1528 sunt
1258 1487 1412 1528 leviora
1440 1486 1672 1544 superiori—-

306 1561 409 1608 hus,
434 1568 481 1600 ut
504 1562 572 1599 a‘er
590 1565 630 1598 et
653 1556 757 1614 ignis
785 1571 793 1596 :
818 1556 1007 1613 graviora
1032 1556 1321 1604 inferioribus,
1341 1557 1422 1598 hoc
1445 1564 1529 1605 est,
1554 1564 1668 1599 terra

303 1639 347 1672 et
369 1644 486 1685 aqua.
516 1627 666 1683 Utique
692 1626 817 1667 simul
840 1627 980 1667 onmia
997 1624 1088 1667 fieri
1111 1626 1260 1682 jubere
1281 1626 1416 1683 potuit
1431 1626 1572 1674 Deus;
1597 1626 1671 1667 sod

306 1699 618 1743 distinctionem
642 1712 805 1739 servare
827 1697 1000 1745 maluit,
1026 1712 1152 1753 quam
1185 1713 1260 1738 nos
1282 1697 1324 1738 in
1348 1697 1545 1739 omnibus
1574 1697 1670 1738 imi-⁶

305 1780 493 1814 taremur
510 1768 685 1826 negotiis
700 1801 710 1816 ,
735 1776 776 1810 et
788 1768 969 1809 maxime
987 1767 1029 1808 in
1048 1767 1404 1810 vicissitudinibus
1420 1767 1667 1825 gratiarum,

306 1828 526 1899 inquibus
549 1856 632 1880 non
657 1839 753 1880 satis
771 1847 833 1880 est
856 1839 1033 1879 reddere
1050 1839 1163 1894 quod
1180 1838 1396 1894 acceperis
1411 1869 1422 1885 ,
1453 1838 1527 1878 sed
1551 1851 1671 1877 com-

305 1913 505 1954 mend-are
527 1909 640 1966 quod
663 1909 824 1949 reddas.
850 1907 960 1949 'Nam
993 1907 1026 1948 si
1048 1907 1140 1963 quis
1165 1907 1355 1948 debitum
1379 1907 1531 1954 solvat,
1559 1912 1601 1946 et
1626 1904 1671 1946 in

305 1982 525 2024 referendo
550 1978 746 2035 injuriam
768 1977 892 2018 saciat
925 1976 1149 2025 creditori,
1183 1975 1486 2018 intolerabilius
1508 1982 1570 2016 est
1593 1973 1671 2015 uti-

307 2068 389 2110 que
404 2085 413 2100 ,
439 2064 565 2106 quam
583 2063 667 2090 non
690 2046 919 2088 reddidisse
941 2048 1054 2102 quod
1078 2046 1271 2087 debebat.
1300 2045 1393 2088 Non
1414 2058 1512 2101 ergo
1535 2057 1667 2099 quan-

309 2123 401 2164 titas
424 2118 663 2165 solutionis,
682 2118 756 2158 sed
781 2116 943 2157 animus
960 2115 1174 2157 reddentis
1191 2147 1200 2163 ,
1225 2122 1266 2156 et
1285 2113 1461 2170 qualitas
1481 2112 1671 2154 conside-

308 2200 442 2239 ratur,
467 2198 508 2232 et
531 2188 716 2231 affectus.
747 2187 879 2230 Recte
906 2186 1032 2243 igitur
1060 2186 1161 2228 Cain
1188 2184 1364 2233 obtulit;
1394 2182 1490 2240 quia
1512 2181 1668 2224 oblatio

305 2262 465 2318 insigne
496 2257 752 2304 devotionis,
790 2264 833 2298 et
860 2256 1064 2298 indicium
1095 2255 1324 2313 gratiarum
1358 2262 1420 2295 est
1445 2268 1454 2294 :
1480 2251 1555 2294 sed
1585 2266 1670 2293 non

307 2339 422 2375 recte
440 2329 576 2372 divisit
585 2345 597 2377 3
622 2327 717 2383 quia
737 2335 832 2386 ente
846 2326 983 2368 omnia
1002 2326 1090 2368 Deo
1112 2325 1257 2368 debuit
1271 2324 1432 2368 deferre
1447 2322 1665 2380 primitias,

306 2411 354 2447 ut
365 2417 385 2443 a
398 2400 528 2459 gratia
545 2398 762 2441 inchoaret
780 2397 975 2439 auctoris.
991 2395 1158 2439 Etenim
1172 2394 1381 2437 divisionis
1392 2393 1460 2436 hic
1473 2394 1576 2434 ordo
1587 2399 1664 2440 est,

308 2480 354 2514 ut
374 2471 509 2528 prima
541 2464 761 2517 secundis,
801 2482 886 2509 non
923 2466 1067 2525 primis
1099 2467 1287 2508 secunda
1311 2470 1596 2522 praecurrant3
1625 2470 1668 2506 et

306 2541 492 2586 ,coelestia
515 2539 692 2582 terrenis
707 2553 829 2588 ,non
858 2547 1024 2580 terrena
1047 2537 1288 2582 coelestibus
1309 2534 1596 2594 praeserantur.

349 2640 362 2656 ⁴²
388 2631 470 2666 Psal.
485 2642 566 2671 xxii,
583 2632 615 2663 5.
642 2649 677 2655 —
699 2641 710 2654 ²
729 2631 814 2665 Gen.
832 2641 855 2670 1,
875 2641 906 2663 2.
