1742 3233
341 264 426 322 578
885 279 914 306 5.
956 278 1144 307 AMBROSH

341 406 606 425 mwwmwvvku
611 407 622 421 ἱ
626 406 699 422 WM
703 405 835 422 ΜΜΜ
839 407 879 422 ΛΚ
886 407 924 423 UA
932 407 1012 422 ΛΛΝἋ
1016 406 1151 425 ᾺΝΜννυ
1155 403 1286 421 ΜΝΊΝΛΑ
1291 402 1688 420 ΝΝὪᾺἋᾺἉΝΜΜὙἉΚἋἉὛ
1737 403 1742 429 ξ

862 521 1037 565 CAPUT
1071 517 1176 564 vll(

335 650 410 693 Ex
440 651 585 694 verbis
606 652 795 696 Domini
817 652 878 694 ad
901 651 1139 694 Abraham
1162 650 1437 708 philosophos
1460 649 1537 690 Ιιοο
1559 664 1688 694 suum

394 720 579 778 dogma,
617 721 769 763 Omnia
793 737 884 763 esse
915 721 1111 779 sapientis
1130 755 1140 771 ‚
1167 720 1383 768 hausisse,
1419 730 1548 775 atque
1574 719 1689 760 inibi
1741 763 1742 768 ¹

393 805 489 844 quoe
506 791 711 847 possessio
732 791 776 832 A
783 789 931 832 braltce
953 792 1172 833 divinitus
1192 792 1248 832 sit
1275 791 1523 848 promissa?
1544 789 1686 842 Quin-

388 874 473 914 que
495 875 634 916 reges,
659 875 814 918 nempe
830 860 1020 918 corporis
1042 876 1189 902 sensus
1205 894 1214 910 ,
1231 875 1260 902 a
1276 870 1476 916 quatuor,
1504 858 1582 899 hoe
1597 867 1682 904 est,

389 930 689 987 corporalibus
718 931 931 973 illecebris
958 932 1285 974 devincuntur:
1316 941 1362 973 αι
1392 931 1685 973 Sodomorum
1741 942 1742 946 ¹

389 1016 435 1055 eq
444 1001 635 1042 uitulum
647 1001 764 1043 idem
771 1001 1043 1044 Patriarclta
1056 1002 1103 1042 in
1115 1001 1284 1044 Christi
1295 1002 1472 1043 nomine
1479 1013 1685 1058 pugnans

390 1081 586 1119 revocat,
605 1071 718 1113 vitia
738 1072 901 1114 scilicet
923 1071 1184 1128 refrenatae
1205 1087 1384 1114 errores.

388 1196 611 1240 XXXVII.
637 1197 849 1244 SEQU1TUR
865 1197 983 1239 locus
999 1212 1081 1254 quo
1099 1196 1314 1239 evidenter
1331 1197 1535 1239 docemur
1551 1209 1684 1252 quan-

331 1275 422 1309 tum
443 1281 562 1309 mens
584 1266 804 1324 superfluis
820 1266 1023 1324 portionis
1044 1267 1339 1308 irrationabilis
1360 1266 1570 1307 exhaustis
1592 1280 1685 1323 pro-

329 1334 468 1385 ficiat,
497 1345 539 1379 et
565 1344 769 1394 quantum
792 1335 888 1379 vitia
910 1336 1018 1378 vitiis
1041 1336 1241 1394 adjuncta
1259 1337 1357 1378 mali
1375 1336 1563 1379 afferant..
1594 1336 1683 1378 Non

329 1406 442 1448 enim
471 1407 603 1449 otiose
635 1406 853 1465 Scriptura
875 1407 1015 1464 posuit
1035 1422 1044 1448 :
1070 1425 1086 1445 «
1104 1407 1155 1449 Et
1180 1407 1281 1449 dixit
1305 1407 1418 1449 Deus
1440 1408 1492 1448 ad
1509 1405 1681 1453 Abram,

328 1485 591 1533 »postquam
607 1477 780 1520 recessit
794 1476 873 1520 Lot
891 1477 940 1519 ab
961 1477 1054 1519 illo:
1076 1477 1251 1535 Respice
1274 1477 1407 1519 oculis
1423 1476 1505 1518 tuis
1528 1484 1570 1517 et
1590 1475 1683 1517 vido

272 1555 275 1559 '
328 1564 343 1584 »
359 1561 380 1587 a
404 1548 514 1596 loeo,
539 1546 580 1589 in
602 1561 814 1604 quonunc
833 1555 880 1589 tu
896 1563 961 1596 es,
986 1548 1037 1589 ad
1052 1546 1241 1589 Africum
1255 1580 1265 1597 ,
1285 1556 1327 1589 et
1346 1547 1596 1605 Aquilonem
1612 1578 1623 1594 ,
1642 1553 1683 1586 et

329 1617 575 1660 »Orientem
589 1650 600 1667 ,
623 1626 665 1660 et
680 1633 817 1667 mare3
838 1619 934 1676 quia
953 1634 1122 1661 omnem
1146 1627 1301 1661 terram
1330 1627 1533 1676 quantum
1550 1619 1680 1666 vides,

327 1705 343 1726 »
359 1687 433 1729 tibi
458 1689 565 1730 dabo
587 1703 704 1737 eam,
729 1696 771 1731 et
791 1688 940 1730 semini
967 1697 1038 1730 tuo
1061 1689 1103 1730 in
1128 1688 1374 1732 aeternum¹.
1398 1708 1413 1728 »
1451 1689 1560 1731 Hinc
1588 1697 1685 1730 tan-
1715 1695 1720 1700 '

328 1772 455 1813 quam
484 1772 504 1799 a
531 1758 645 1801 fonte
679 1758 913 1801 hauserunt
947 1758 1078 1801 Stoici
1110 1759 1348 1817 philosophi
1380 1760 1584 1817 dogmatis
1621 1760 1683 1801 sui

329 1829 579 1870 sententiam
600 1844 609 1871 :
634 1829 787 1872 Omnia
807 1830 1002 1888 sapientis
1025 1846 1115 1872 esse
1129 1829 1158 1872 ².
1188 1830 1338 1873 Oriens
1364 1829 1477 1872 enim
1498 1839 1540 1872 et
1556 1830 1684 1872 Occi-

328 1899 452 1947 dens,
472 1897 734 1956 Septentrio,
755 1908 796 1942 et
817 1899 1012 1942 Meridies
1030 1900 1244 1957 portiones
1271 1909 1368 1943 sunt
1383 1900 1676 1943 universitatis.

327 1967 399 2009 His
433 1968 545 2010 enim
581 1977 694 2011 totus
723 1971 906 2012 mundus
943 1970 1187 2013 includitur.
1231 1970 1329 2013 Haec
1367 1984 1464 2012 cum
1493 1969 1682 2028 promisit

324 2038 437 2080 Deus
456 2040 653 2081 daturum
671 2055 714 2082 se
729 2039 925 2090 Abrahae,
947 2041 1047 2097 quid
1067 2041 1178 2082 aliud
1195 2041 1397 2090 declarat,
1410 2040 1488 2082 nisi
1508 2041 1682 2098 sapienti

328 2117 370 2150 et
397 2109 510 2151 fideli
532 2119 682 2167 praesto
706 2110 869 2159 onmia,
895 2112 1038 2153 deesse
1058 2110 1194 2153 nihil?
1217 2111 1336 2157 L‘nde
1357 2118 1398 2152 et
1423 2110 1622 2153 Salomon
1640 2110 1681 2152 in

326 2179 563 2222 Proverbiis
592 2195 635 2221 2«
663 2180 760 2237 Ejus
790 2180 861 2237 qui
895 2180 1029 2223 fidelis
1056 2181 1126 2231 sit,
1161 2188 1274 2223 totus
1307 2182 1491 2223 mundus
1519 2180 1682 2224 divitia-

327 2267 343 2288 »
358 2265 454 2291 rum
476 2249 505 2291 ³.
536 2269 551 2290 >⁷
566 2251 736 2302 Quanto
758 2251 873 2308 prior
893 2250 1094 2293 Salomon
1121 2266 1245 2308 quam
1271 2250 1416 2295 Zenon
1442 2251 1681 2294 Stoicorum

326 2321 546 2378 magister,
573 2329 696 2378 atque
724 2328 872 2362 auctor
894 2329 1016 2362 sectae
1039 2321 1196 2378 ipsius?
1220 2321 1388 2373 Quanto
1415 2322 1528 2379 prior
1555 2336 1680 2377 quam

329 2391 415 2449 ipse
440 2398 558 2448 pater
588 2389 862 2447 philosophiae
895 2390 1037 2438 Plato,
1073 2392 1139 2432 vel
1170 2391 1262 2447 ejus
1288 2391 1481 2435 inventor
1503 2390 1680 2432 nominis

326 2460 612 2518 Pythagoras?
630 2460 735 2512 Quis
759 2468 899 2503 autem
917 2459 1066 2510 fidelis,
1089 2460 1167 2503 nisi
1183 2461 1376 2518 sapiens?
1393 2460 1554 2505 Stultus
1568 2461 1679 2504 enim
1723 2471 1726 2474 ”

373 2565 384 2581 ¹
415 2557 498 2590 Gen.
523 2568 584 2589 xm
600 2583 608 2596 ‚
637 2557 695 2600 14,
726 2559 773 2593 15.
791 2576 832 2587 -
859 2568 871 2584 ²
898 2557 1034 2601 Diogen.
1052 2558 1162 2594 [θὸτι.
1183 2557 1239 2592 lib.
1263 2569 1323 2594 vn.
1339 2558 1372 2592 in
1389 2557 1453 2593 vita
1467 2558 1622 2593 Zenonis.
1638 2576 1679 2607 -ς

327 2614 343 2637 ³
358 2611 452 2650 Prov.
468 2620 551 2650 nn,
564 2611 598 2646 6.
