1747 3260
319 281 383 337 9-4
866 289 896 316 s.
937 288 1126 317 Amnes-11
1464 293 1472 301 ·
1723 275 1727 319 ἑ

323 370 452 414 habes
476 367 678 424 scriptum
704 380 712 406 :
740 383 755 403 α
774 364 917 406 Posuit
946 365 1118 407 ssumina
1140 366 1181 407 in
1207 367 1435 413 desertum,
1470 372 1510 405 et
1535 364 1670 406 exitus
1724 365 1727 395 ³

325 453 558 497 »aquarum
585 437 627 478 in
659 434 821 484 sitim¹,
847 453 862 474 »
882 435 963 477 hoc
992 443 1074 484 est,
1111 437 1161 477 de
1192 443 1301 477 terra
1330 449 1482 491 aquosa
1516 434 1675 475 aridam

328 510 438 553 fecit.
1726 549 1735 559 *¹

383 578 535 623 XVIII.
574 576 709 619 Habet
740 590 838 633 ergo
871 583 980 616 terra
1007 575 1222 632 propriam
1255 575 1496 631 qualitatem
1531 588 1678 622 suam,
1727 600 1741 622 ,

329 651 438 693 sicut
467 657 508 690 et
537 648 696 704 singula
726 648 931 688 elementa
965 646 1144 695 habent,
1179 661 1276 688 nam
1297 654 1338 687 et
1362 649 1432 686 ae'r
1462 644 1680 687 humidam
1726 630 1742 691 {3

277 728 280 730 ’
328 721 602 778 ςυειΙίῐειῖωῑι.,»
617 725 659 758 et
684 730 790 772 aqua
806 716 1016 773 frigidam,
1038 724 1079 758 et
1101 716 1205 774 ignis
1229 716 1419 758 calidam
1447 715 1499 756 Et
1515 714 1599 755 hoe
1618 719 1683 755 est
1728 719 1743 777 ⁴

327 789 560 848 principale
584 786 802 844 proprium
823 787 1041 828 elementis
1063 786 1254 844 singulis,
1275 787 1391 842 quod
1409 784 1574 826 ratione
1593 785 1682 825 col·
1729 795 1743 816 ⁵²

330 860 515 917 ligimus.-
534 855 904 913 Comprehendere
921 864 1061 897 autem
1077 856 1328 897 sensibiliter
1348 863 1390 897 et
1411 854 1685 911 corporaliter

333 930 366 972 si
394 928 568 970 velimus
583 959 592 975 ,
620 927 734 967 velut
755 940 941 966 connexa
965 933 1006 966 et
1031 926 1261 983 composita
1283 924 1545 982 reperimus-3
1563 931 1614 965 ut
1633 923 1686 964 sit
1729 933 1732 939 ·

334 1008 445 1041 terra
469 997 580 1038 arida
597 1004 640 1037 et
661 995 808 1053 frigida
826 1028 835 1043 ‚
861 1011 966 1052 aqna
992 995 1139 1053 frigida
1157 1004 1196 1037 et
1220 995 1391 1037 humida
1405 1028 1416 1044 ,
1437 999 1506 1055 a'e'r
1528 994 1686 1036 calidus
1730 1004 1741 1047 ᾖ,

335 1076 378 1110 ct
400 1067 613 1115 humidus,
642 1065 747 1123 ignis
772 1066 930 1107 calidus
948 1074 991 1107 et
1016 1065 1151 1108 siccus
1163 1083 1178 1114 3·
1194 1074 1236 1108 et
1253 1065 1311 1107 sic
1331 1065 1410 1106 sibi
1429 1079 1503 1122 per
1523 1064 1597 1105 has
1619 1063 1689 1120 ju-
1732 1068 1741 1114 'f

333 1138 443 1196 gales
471 1136 687 1192 qualitates
723 1134 883 1191 singula
915 1135 1148 1177 mis-centur
1178 1137 1398 1177 elementa.
1436 1134 1550 1177 Nam.
1577 1141 1696 1175 terra.
1731 1163 1734 1184 z

337 1211 435 1239 cum
457 1196 508 1237 sit
529 1194 652 1236 aridae
674 1202 715 1235 et
736 1194 894 1251 frigidm
922 1195 1131 1251 qualitatis
1145 1228 1155 1243 ,
1184 1194 1450 1236 eonnectitur
1472 1208 1595 1249 aquae-
1614 1207 1691 1250 per
1731 1199 1734 1245 ζ

340 1265 635 1323 cogitationem
658 1264 867 1320 qualitatis
894 1264 1052 1321 frigidze
1072 1297 1082 1313 ,
1117 1273 1157 1306 et
1178 1281 1252 1322 per
1282 1279 1431 1320 aquam
1454 1262 1567 1311 aeri„
1594 1261 1691 1319 quia

336 1336 535 1380 humidus
557 1341 619 1375 est
642 1337 724 1375 ae'r.
751 1322 866 1391 Ergo*
882 1349 989 1390 aqua
1020 1342 1220 1390 tanquam
1241 1333 1423 1375 brachiis
1441 1332 1691 1389 quibusdam

341 1406 505 1450 duobus
536 1404 699 1461 frigoris
727 1411 768 1445 et
795 1403 984 1445 humoris
1000 1436 1010 1452 ,
1035 1405 1164 1446 altero
1187 1412 1366 1452 terram,
1402 1404 1528 1444 altero
1553 1406 1692 1443 ae'rem
1732 1425 1735 1428 ⁴

336 1477 501 1520 videtur
522 1473 734 1531 amplecti,
756 1473 904 1530 frigido
923 1481 1094 1522 terram,
1114 1477 1252 1515 ae'rem
1274 1473 1464 1515 humido.
1488 1472 1572 1515 Ac'r
1592 1486 1693 1528 quo-
1732 1463 1735 1502 5

339 1563 419 1605 que
456 1544 618 1587 medius
654 1544 762 1585 inter
790 1545 874 1585 duo
903 1544 1228 1601 compugnantia
1256 1559 1331 1601 per
1362 1551 1578 1591 naturam,
1610 1538 1692 1584 hoc
1734 1559 1736 1567 ¹

337 1625 425 1666 cst,
449 1616 557 1657 inter
579 1628 730 1670 aquam
761 1621 802 1655 et
838 1613 1000 1670 ignem,
1036 1622 1264 1670 utrumque
1303 1613 1408 1655 illud
1437 1615 1693 1655 elementum
1733 1627 1737 1668 ξ

339 1686 533 1729 conciliat
552 1684 653 1732 sibi;
674 1683 768 1740 quia
785 1692 826 1725 et
844 1684 959 1740 aquis
978 1684 1236 1732 humore,et
1252 1683 1337 1741 igni
1355 1685 1494 1725 calore
1512 1683 1694 1740 conjun-

340 1758 462 1817 gitur.
491 1755 601 1813 Ignis
626 1770 792 1811 quoque
816 1769 911 1796 cum
937 1754 987 1797 sit
1014 1757 1173 1797 calidus
1199 1763 1240 1797 et
1263 1755 1398 1797 siccus
1421 1762 1594 1803 natura,
1623 1768 1695 1796 ca-

341 1829 429 1871 l‘ore
464 1825 548 1867 a'eri
587 1824 845 1872 annectitur,
876 1824 1062 1866 siccitate
1100 1833 1240 1866 autem
1273 1824 1314 1865 in
1353 1822 1704 1866 communionem.
1734 1815 1737 1828 ³

344 1905 467 1939 terrae
490 1909 537 1936 ac
567 1894 808 1936 societatem
837 1894 1098 1944 refunditur3
1132 1903 1254 1951 atque
1276 1895 1331 1936 ita
1366 1893 1549 1952 sibi'per
1580 1893 1709 1936 hune<
1735 1930 1738 1943 ,

344 1965 568 2009 circuitum
600 1972 642 2006 et
673 1963 852 2006 chorum
882 1965 1108 2020 quemdam
1136 1963 1371 2006 concordiae
1405 1959 1696 2020 societatisque
1735 1961 1739 2012 ᾗ

346 2036 613 2080 conveniunt.
651 2035 770 2076 [nde
799 2042 841 2076 et
876 2048 1009 2091 graece
1046 2047 1177 2091 σοιχεῖα
1199 2033 1423 2082 dicuntur,
1455 2049 1546 2090 quae
1568 2033 1697 2075 latine

343 2108 549 2148 elementa
573 2103 766 2153 dicimus,
790 2105 904 2160 quod
927 2103 1005 2145 sibi
1028 2103 1277 2145 conveniant
1301 2112 1342 2145 et
1366 2103 1602 2145 concinant.
1735 2147 1740 2165 J

402 2174 520 2219 XIX.
558 2174 650 2215 Huc
673 2181 815 2215 autem
839 2172 1045 2231 progressi
1063 2187 1221 2221 sumus,
1247 2172 1342 2229 quia
1365 2172 1584 2232 Scriptura
1613 2172 1710 2232 ait-2r

345 2247 458 2304 quod
487 2245 599 2287 Deus
621 2243 830 2285 vocaverit
854 2243 1012 2285 aridam
1042 2251 1196 2285 terram
1215 2276 1224 2292 ,
1248 2242 1329 2284 hoc
1351 2250 1438 2291 est,
1465 2242 1563 2299 quia
1583 2233 1706 2298 quod·
1737 2251 1739 2285 ζ

344 2315 575 2376 principale
597 2321 655 2356 est
684 2313 791 2371 ejus,
817 2312 1075 2372 nuncupavit
1095 2314 1350 2370 proprietate
1374 2320 1544 2354 naturae.
1572 2309 1701 2354 Natu·
1736 2321 1742 2345 ²⁷

346 2387 443 2431 ralis
464 2385 573 2427 enim
599 2383 831 2443 proprietas
855 2383 1019 2426 siccitas
1042 2391 1103 2425 cst
1135 2391 1256 2425 terrae
1280 2398 1290 2424 ε
1318 2383 1407 2427 haec
1428 2382 1466 2425 ei
1488 2396 1700 2440 praeroga-

344 2458 426 2500 tiva
449 2464 607 2499 servata
631 2463 706 2498 est.
733 2454 978 2513 Principalis
999 2469 1098 2513 ergo
1125 2454 1299 2497 siccitas.
1330 2450 1482 2496 Subest
1505 2453 1637 2496 etiam*
1652 2460 1701 2495 ut

345 2526 398 2572 si't
417 2523 564 2584 frigida
586 2540 595 2567 t
619 2524 791 2568 sednon
807 2524 1086 2585 praeferuntur
1108 2526 1290 2568 secunda
1308 2523 1466 2585 primis.
1489 2522 1542 2568 Ut
1560 2531 1703 2567 autem

390 2627 401 2646 ¹
422 2616 504 2652 Psal.
520 2627 587 2657 cri,
605 2616 660 2652 33.
