1742 3233
321 239 406 288 408
866 251 894 277 ε.
936 249 1123 277 ,numosn

322 337 494 371 cursent
522 328 694 370 bestiae:
726 328 780 370 ita
811 343 908 369 cum
939 329 1049 369 Deus
1077 327 1232 369 deserit
1254 326 1492 374 hominem,
1518 324 1671 382 ingruit

322 399 525 441 diabolus.
563 398 699 439 Grave
727 405 789 439 est
822 398 1052 454 praesertim
1079 396 1370 453 insipientibus
1404 410 1488 436 non
1516 395 1671 437 habere

324 476 545 509 rectorem.
587 466 726 523 Serpit
752 467 908 508 malitia
926 500 936 515 ,
969 468 1118 507 vulnus
1150 473 1339 521 augetur,
1363 464 1436 505 ubi
1464 463 1670 504 medicina

324 537 516 578 desuerit.
543 535 776 578 Abscondit
803 553 845 579 se
869 546 1008 578 autem
1031 536 1101 592 qui
1127 537 1263 577 velare
1294 536 1380 576 vult
1412 535 1601 590 culpam,
1632 540 1674 573 et

323 615 464 664 tegere
485 615 718 664 peccatum.
748 607 830 657 Qui
852 607 964 649 enini
984 608 1090 647 mal-e
1109 606 1191 662 agit
1207 605 1295 646 odit
1311 606 1449 646 lucem
1464 636 1474 651 ,
1492 611 1534 644 ct
1556 611 1674 644 tenc-

324 678 420 719 bras
442 685 484 719 et
509 691 681 718 suorum
704 676 852 732 quaerit
881 677 1054 718 latibula
1081 676 1342 717 deiictorum.
1370 675 1514 716 Justus
1537 681 1674 715 autem

325 763 410 788 non
431 746 689 788 abscondere
712 761 754 787 se
777 761 797 786 a
819 746 998 787 Domino
1029 746 1117 787 Deo
1141 761 1214 787 suo
1229 778 1238 792 ,
1269 746 1342 786 sed
1369 745 1454 801 ipse
1475 745 1605 800 magis
1633 759 1676 785 se

326 816 477 858 offerre
507 817 725 859 consuevit
751 817 916 858 dicens:
945 836 960 855 α
979 818 1087 858 Ecce
1113 833 1204 859 sum
1235 833 1310 875 ego
1337 817 1407 873 qui
1435 831 1520 857 non
1541 816 1674 857 habeo

323 886 592 928 criminosam
620 878 942 935 conscientiam,
967 902 1093 943 quam
1113 888 1283 929 timeam
1301 886 1569 944 deprehendi.
1593 904 1608 923 n

381 956 585 999 XXXIII.
621 956 768 998 Merito
801 972 898 1013 ergo
923 972 965 997 se
997 957 1216 999 abscondit
1246 959 1354 999 male
1392 956 1605 1004 conscius,
1638 965 1680 997 et

325 1027 383 1068 ait
409 1026 611 1068 :«Omnis
649 1026 719 1082 qui
757 1026 961 1068 invenerit
990 1042 1077 1075 me,
1119 1028 1282 1069 occidet
1317 1027 1455 1069 me¹.»
1484 1028 1680 1085 Angustoe

330 1096 482 1142 mentis
502 1097 630 1138 homo
657 1105 906 1154 praesentem
927 1105 1107 1139 mortem
1131 1107 1313 1146 veretur,
1338 1106 1584 1156 perpetuam
1606 1114 1676 1139 ne*

328 1168 470 1225 gligit,
503 1176 546 1209 et
579 1168 766 1209 divinum
802 1167 1009 1223 judicium
1044 1183 1128 1209 non
1166 1169 1433 1217 reformidat,
1467 1169 1682 1210 interitum

328 1239 464 1279 solum
485 1238 672 1294 corporis
693 1238 953 1295 deprecatur.
982 1238 1066 1279 Sed
1083 1255 1104 1279 a
1125 1255 1208 1295 quo
1226 1239 1402 1281 timebat
1423 1240 1581 1288 occidi,
1609 1241 1683 1296 qui

330 1308 438 1348 solos
461 1315 654 1363 parentes
676 1307 859 1348 habebat
881 1307 921 1348 in
955 1308 1101 1349 terris?
1122 1309 1262 1350 Potuit
1285 1309 1456 1365 quidem
1477 1319 1519 1351 et
1541 1310 1684 1352 incur-

329 1392 398 1418 sus
430 1377 658 1418 bestiarum
690 1376 859 1424 timere,
897 1377 966 1433 qui
999 1378 1098 1435 legis
1132 1379 1278 1419 dixinae
1309 1379 1400 1434 jura
1433 1379 1681 1427 violaveram

328 1463 408 1489 nec
425 1463 679 1505 praesumere
703 1447 753 1488 de
776 1447 975 1503 subjectis
993 1449 1241 1490 animalibus
1264 1450 1422 1491 caeteris
1436 1483 1446 1497 ‚
1467 1450 1537 1506 qui
1554 1451 1685 1492 homi-

330 1533 428 1558 nem
449 1519 650 1560 docuerat
674 1518 821 1559 occidi.
844 1518 983 1560 Potuit
1000 1527 1041 1560 et
1058 1527 1250 1575 parentes
1270 1519 1497 1576 parricidas
1511 1516 1658 1561 timere
1673 1553 1683 1568 ,

333 1587 403 1644 qui
424 1589 626 1629 docuerat
647 1588 918 1645 parricidium
939 1604 1058 1646 posse
1081 1590 1300 1631 committi.
1322 1590 1554 1631 Potuerunt
1575 1591 1684 1632 enim

333 1665 374 1699 et
398 1665 591 1714 parentes
624 1659 676 1700 de
708 1658 794 1700 lilio
825 1659 1011 1707 discere,
1047 1661 1162 1716 quod
1193 1659 1430 1709 didicerunt
1458 1660 1612 1718 posteri
1637 1661 1687 1702 de

332 1736 519 1784 parente.

380 1829 388 1843 ¹
412 1821 496 1852 Gen.
516 1821 630 1859 1v‚15,
651 1821 696 1859 ¹4·
