1742 3233
494 242 779 270 nEXAEMl-:r-ON.
818 243 894 270 Lm.
934 244 988 271 w.
1338 233 1418 284 243

66 335 191 368 nam,
224 328 266 361 et
308 317 514 361 difficilius
548 321 660 378 lapsa
693 329 951 378 reparantur.
990 320 1144 363 Verum
1177 324 1209 364 si
1249 324 1314 365 illa
1347 334 1417 367 aut

66 398 237 448 propter
254 389 608 446 pulchritudinem
625 423 635 438 ,
660 398 732 431 aut
754 399 925 448 propter
947 394 1158 449 speculam
1181 393 1418 449 frequenter

69 460 322 508 attollimus,
349 460 438 501 haee
463 475 630 516 queque
658 460 698 500 in
725 460 957 517 elephantis
989 463 1167 517 pre-bare
1192 464 1413 512 debemus,

67 529 162 586 quia
188 545 386 587 magnum
412 530 536 571 rebus
569 529 728 571 bellicis
757 545 879 571 usum
906 530 1153 573 ministrant.
1189 534 1290 575 lude
1321 550 1417 591 gens

66 599 285 642 Persarum
315 599 429 640 ferox
460 599 576 640 bellis
599 633 608 648 ,
643 600 776 641 valida
814 600 970 657 sagittis
1007 602 1204 658 omnique
1243 604 1419 645 telorum

68 669 196 726 jactu,
221 670 316 726 quia
335 672 384 711 (le
407 669 690 726 superioribus
709 672 760 711 ad
785 669 980 712 iuferiora
1004 672 1202 713 validiore
1225 673 1317 713 nisu
1341 674 1419 714 tela

69 748 341 796 torquentur,
361 740 468 781 acies
486 755 633 780 eorum
656 741 769 780 velut
791 740 1075 796 gradientibus
1094 742 1278 784 turribus
1305 751 1419 799 septa

67 809 271 868 procedit.
301 810 347 850 In
373 809 520 851 mediis
549 808 705 866 campis
728 817 926 865 tanquam
958 812 1009 851 (le
1039 827 1160 853 muro
1192 813 1416 862 (limenun

69 887 111 922 et
125 881 237 921 velut
258 880 298 920 iu
317 894 413 920 arce
431 881 610 935 quadam
629 887 669 920 et
689 881 855 937 specula
871 882 1063 922 collocati
1081 891 1269 939 spectant
1292 885 1420 941 tnagis

68 950 203 998 bella,
228 965 352 1005 quam
377 950 570 991 subeunt.
608 950 666 990 lta
693 949 813 991 alieni
845 965 864 991 a
893 950 1078 1007 periculo
1100 952 1318 1000 videntur,
1345 955 1423 995 tuti

68 1018 248 1061 molibus
269 1019 511 1060 bestiarum.
541 1019 644 1070 Quis
666 1019 779 1060 enim
803 1035 870 1060 eas
893 1020 1006 1061 adire
1030 1022 1179 1062 audeat
1196 1054 1206 1069 ,
1232 1037 1328 1063 cum
1355 1025 1420 1064 de—

69 1105 191 1146 super
212 1089 360 1145 jaculis
386 1089 507 1130 facile
538 1088 708 1145 figatur,
737 1089 908 1130 inferius
929 1090 1249 1146 elephantorum
1273 1100 1417 1136 eonte-

69 1166 183 1200 ratur
213 1159 419 1200 incursu?
444 1158 634 1214 Denique
662 1159 818 1199 cedunt
847 1158 925 1199 illis
957 1159 1064 1200 acies
1094 1168 1135 1200 et
1163 1168 1417 1203 armatorum

69 1228 191 1270 cunei
207 1260 217 1276 ,
240 1236 281 1270 et
304 1235 436 1270 castra
459 1227 528 1269 illa
550 1229 750 1284 quadrata
773 1229 1002 1270 solvuntur.
1027 1230 1281 1271 Intolerabili
1299 1246 1397 1272 nam

68 1313 148 1354 que
170 1298 328 1355 impetu
350 1298 391 1339 in
408 1299 547 1340 hostes
565 1306 693 1340 ruunt
712 1315 722 1346 3
753 1306 798 1339 ut
815 1300 930 1340 nullo
955 1299 1118 1356 agmine
1140 1300 1415 1349 bellatorum,

68 1371 179 1410 nulla
199 1369 499 1426 constipatione
520 1369 700 1411 militum
715 1403 724 1418 ,
744 1371 860 1411 nullo
882 1371 1128 1426 clypeorum
1156 1373 1416 1415 retardentur

69 1439 239 1495 objectu
261 1454 269 1480 :
295 1440 408 1480 velut
429 1439 599 1495 quidam
620 1439 797 1481 mobiles
821 1448 986 1481 montes
1013 1449 1231 1482 versantur
1256 1443 1296 1483 in
1318 1458 1401 1500 pra}

68 1510 146 1558 liis,
170 1517 211 1551 et
236 1518 280 1551 ut
301 1511 427 1551 colles
446 1511 526 1551 alto
545 1510 731 1550 eminent
753 1509 909 1551 vertice
924 1542 934 1557 ,
956 1510 1137 1566 mugitus
1156 1512 1319 1568 fragore
1332 1529 1401 1554 om

69 1579 185 1620 nium
215 1580 464 1636 perturbant
501 1577 813 1620 confidentiam.
852 1579 966 1630 Quid
1000 1580 1063 1620 his
1099 1580 1221 1622 faciat
1258 1584 1383 1639 pedes
1403 1616 1414 1632 ‚

70 1649 430 1704 quanuislacertis
450 1649 626 1697 validus,
645 1658 686 1691 et
703 1657 1087 1706 manupromptusg
1115 1666 1211 1692 cum
1230 1652 1305 1693 sibi
1325 1669 1419 1709 sep—

70 1728 135 1761 tus
166 1728 420 1761 armatorum
452 1720 614 1777 populis
642 1719 845 1776 gradienti
872 1735 1016 1760 murus
1046 1721 1277 1763 occurrat?
1304 1722 1419 1773 Quid

69 1789 192 1832 faciat
218 1805 367 1846 eques,
394 1805 490 1831 cum
513 1805 643 1846 equus
669 1789 759 1844 ejus
790 1788 1112 1846 perterrefactus
1137 1798 1258 1831 tantae
1278 1791 1421 1832 bestiae

69 1859 330 1902 immanitate
347 1859 566 1916 diffugiat?
583 1859 698 1910 Quid
715 1858 839 1900 faciat
855 1858 1088 1916 sagittarius
1101 1893 1110 1908 ,
1131 1875 1228 1901 cum
1243 1861 1421 1919 desuper

68 1930 220 1972 serrata
242 1931 428 1972 virorum
451 1945 626 1987 corpora
649 1929 777 1986 jaculi
799 1929 930 1970 ictum
954 1929 1106 1970 sentire
1127 1945 1210 1971 non
1231 1931 1416 1988 possint3

69 2000 201 2043 bestia
236 2016 404 2057 quoque
432 2015 509 2041 nec
538 2000 649 2040 nuda
677 1998 799 2039 saeile
827 1998 1097 2055 penetrabilis
1128 1998 1237 2040 ferro
1267 2000 1344 2048 sit,
1380 2009 1421 2042 et

66 2071 229 2113 munita
246 2069 402 2118 loricis,
425 2069 568 2111 obvias
591 2069 679 2110 sine
701 2067 763 2109 sui
780 2068 966 2125 periculo
984 2068 1093 2109 acies
1117 2078 1245 2118 secet,
1266 2077 1307 2111 et
1325 2086 1421 2111 con-.

71 2150 176 2184 terat
191 2149 348 2183 turmas
362 2140 380 2181 P

129 2210 331 2256 XXXIV.
370 2212 514 2267 Itaque
531 2218 576 2251 ut
594 2210 796 2251 immensa
813 2209 985 2251 aedificia
999 2242 1010 2258 ,
1028 2210 1082 2251 ita
1103 2211 1313 2267 elephanti
1333 2212 1420 2253 sun-

66 2281 277 2325 damantis
293 2280 563 2323 validioribus
582 2280 862 2327 sustinentur-3
883 2279 1064 2335 alioquin
1085 2278 1311 2336 imparibus
1329 2281 1423 2325 sulti

70 2353 246 2411 pedihus
262 2384 272 2400 ,
296 2352 404 2393 intra
421 2352 593 2393 brevem
612 2350 856 2392 laberentur
873 2357 1054 2391 aetatem.
1078 2349 1197 2391 Nunc
1222 2359 1361 2393 autem
1381 2360 1427 2395 et

72 2422 268 2465 trecentis
289 2429 331 2463 et
348 2421 524 2478 amplius
550 2420 742 2463 seruntur
763 2420 880 2461 annis
898 2420 1028 2461 vitam
1048 2421 1305 2476 producere:
1326 2422 1423 2478 quia

74 2492 213 2535 omnia
230 2492 310 2534 sibi
327 2493 378 2533 ad
390 2491 726 2550 magnitudinem
740 2490 935 2532 membra
947 2490 1215 2533 conveniunt.
1238 2492 1424 2549 Ideoque

67 2576 155 2604 non
178 2561 363 2604 distincti
385 2569 434 2604 ut
457 2561 599 2610 nobis,
630 2562 702 2603 sed
722 2558 932 2618 compacti
963 2567 1079 2602 arms
1101 2569 1220 2610 sunt,
1238 2562 1427 2622 quosssiut

1184 2630 1248 2675 16.
1285 2641 1290 2645 “
