1742 3233
476 286 765 314 fluxuum-ton.
803 287 881 313 Lm.
919 287 972 314 w.
1319 274 1405 316 265

50 365 173 406 sorde
202 377 366 420 aspersa
394 362 586 410 violatur,
618 370 659 403 et
683 362 823 419 gratioe
853 378 937 403 suae
971 377 1124 404 munus
1163 363 1335 410 amittit;
1369 373 1413 407 ct

50 434 143 475 ideo
174 432 529 490 prospiciendum,
564 447 616 473 ne
639 432 731 488 quis
754 447 846 473 cam
867 432 1004 489 pulvis
1026 432 1179 473 erroris
1202 433 1408 480 oblimet..

51 511 121 544 aut
143 504 224 543 ulla
250 510 365 543 vexet
398 502 553 543 festuca
584 502 768 558 peccati3
793 502 889 557 quia
912 502 1117 559 scriptum
1146 511 1207 544 est
1229 518 1237 544 :
1256 521 1270 541 «
1289 502 1406 558 Ejico

51 572 261 628 »primum
293 572 455 612 trahem
490 573 540 612 ‹le
571 573 694 612 oculo
726 579 813 619 tuo,
847 581 887 613 et
921 579 1020 613 tunc
1053 572 1213 614 videbis
1251 572 1406 627 ejicere

51 640 278 683 »festucam
298 641 348 681 de
364 641 486 680 oculo
504 640 639 680 fratris
663 640 762 682 tui¹.
783 659 798 679 »

108 709 217 751 LXI.
256 710 399 765 ltaque
415 717 586 766 propter
603 711 746 750 oculos
770 710 906 751 serunt
928 710 1125 752 medendi
1141 711 1264 767 periti
1286 725 1409 751 cere-

52 778 175 820 brum
191 778 372 820 hominis
391 778 430 820 in
450 779 583 835 capite
601 781 801 827 locatum,
822 780 922 821 alios
941 788 1081 822 autem
1103 781 1234 822 nostri
1261 795 1410 836 corpo-

54 848 107 890 ris
126 864 269 889 sensus
289 857 460 905 propter
474 849 693 889 cerebrum
710 848 1084 905 finitimoquodam
1097 865 1185 891 csse
1198 850 1412 891 domicilio

53 918 314 959 constitutos.
345 918 514 959 Initium
536 918 648 959 enim
672 934 895 960 nervorum
918 928 959 961 et
988 920 1179 960 omnium
1208 934 1410 960 sensuum

53 988 295 1029 voluntariae
319 987 610 1029 commotionis
633 990 854 1030 cerebrum
887 997 965 1037 est,
998 998 1122 1044 atque
1150 990 1247 1030 inde
1275 989 1413 1029 omnis

54 1071 200 1098 eorum
225 1073 314 1112 qum
337 1057 527 1105 diximus,
564 1072 686 1099 causa
711 1055 867 1099 manat.
890 1058 1062 1099 Initium
1082 1066 1222 1099 autem
1244 1056 1417 1098 arteria-

55 1141 149 1167 rum
178 1134 220 1167 et
251 1126 361 1167 insiti
393 1127 555 1174 caloris,
590 1142 673 1182 quo
707 1127 946 1168 animantur
962 1136 1003 1169 et
1022 1126 1227 1183 tepefiunt
1253 1126 1413 1174 vitalia,

56 1210 128 1236 cor
153 1211 239 1236 essc
258 1195 444 1252 plerique
471 1196 736 1238 arbitrantur.
763 1196 972 1238 Sensuum
995 1205 1134 1238 autem
1155 1198 1419 1254 singulorum

55 1267 168 1308 velut
190 1281 393 1322 organum
419 1266 532 1307 nervi
560 1274 670 1314 sunt,
699 1267 769 1322 qui
792 1269 906 1309 velut
930 1267 1098 1308 chordae
1127 1276 1168 1308 et
1186 1266 1290 1308 fides
1309 1280 1422 1322 quae—

58 1336 152 1376 dam
171 1337 222 1377 de
242 1336 415 1377 ccrcbro
440 1336 646 1385 oriuntur,
668 1345 709 1378 et
730 1353 804 1393 per
824 1345 961 1393 partes
988 1337 1174 1395 corporis
1192 1337 1233 1378 in
1257 1336 1419 1392 singula

58 1420 233 1461 qumque
266 1404 398 1446 officia
435 1405 688 1447 derivantur.
731 1407 915 1462 Ideoque
949 1408 1116 1448 mollius
1153 1414 1214 1448 est
1252 1405 1416 1447 caeteris

58 1475 298 1523 cerebrum,
320 1474 415 1530 quia
438 1490 583 1516 omnes
604 1475 776 1532 sulzcipit
795 1491 963 1523 scnsus;
986 1477 1096 1517 unde
1113 1490 1258 1516 omnes
1280 1473 1416 1520 nervi,

59 1552 100 1585 et
118 1559 200 1600 quo
218 1544 403 1585 referunt
428 1544 634 1592 universa,
666 1560 756 1600 quse
780 1546 844 1585 vel
870 1546 1015 1586 oculus
1041 1544 1207 1592 viderit,
1226 1544 1292 1584 vel
1309 1542 1420 1583 auris

61 1614 252 1662 audierit,
272 1615 336 1654 vel
353 1615 456 1654 odor
474 1609 736 1661 inhalarerit,
755 1615 821 1655 vel
837 1614 977 1670 lingua
996 1612 1270 1670 increpuerit,
1290 1614 1356 1653 vel
1373 1626 1419 1652 os

60 1683 218 1740 saporis
257 1683 476 1740 acceperit.
514 1684 641 1734 Quod
671 1683 783 1724 enim
814 1685 966 1731 molle,
1001 1684 1053 1723 ad
1084 1681 1420 1738 compassionem

62 1753 197 1811 aptius
217 1768 225 1794 ε
253 1754 366 1809 quod
383 1761 522 1794 autc-m
542 1754 695 1794 durum
715 1768 765 1794 ex
783 1752 919 1808 aliquo
942 1751 1077 1809 rigore
1100 1763 1342 1798 nervorum,
1369 1750 1423 1790 ad

63 1824 271 1880 agendum
292 1822 519 1863 efficacius.

120 1892 251 1934 LXII.
286 1891 677 1933 Praestantissimum
696 1906 861 1947 quoque
884 1891 1079 1932 audiendi
1102 1906 1254 1932 munus
1277 1897 1354 1937 cst,
1379 1896 1422 1929 et

63 1962 167 2004 visui
189 1977 341 2019 suppar
362 1961 503 2018 gratia.
533 1961 631 2002 Ideo
655 1976 774 2001 aurcs
796 1961 1049 2002 extantiores
1071 1969 1189 2008 sunt;
1224 1967 1270 2001 ut
1291 1966 1332 2000 et
1357 1972 1424 1998 or-

66 2040 187 2073 natus
209 2033 406 2072 decorem
432 2030 667 2087 praeferant,
691 2038 732 2071 et
759 2029 967 2086 excipiant
983 2045 1109 2071 omne
1128 2030 1230 2071 illud
1246 2026 1423 2084 quiquid

63 2103 119 2152 *de
143 2101 300 2143 vertice
322 2100 508 2142 sordium
536 2099 776 2141 humorisve
800 2099 1042 2147 defluxerit;
1066 2099 1191 2141 simul
1217 2106 1263 2139 ut
1288 2098 1330 2138 in
1351 2111 1426 2138 ea-

67 2186 158 2215 rum
192 2171 349 2212 sinibus
378 2185 457 2212 vox
485 2185 729 2227 repercussa
753 2170 841 2211 sine
865 2169 1094 2211 offensione
1119 2168 1336 2211 interiores
1360 2166 1427 2206 in-

65 2242 280 2300 grediatur
297 2241 521 2283 anfractus.
545 2241 649 2283 Nam
663 2241 742 2281 nisi
760 2240 814 2282 ita
831 2248 954 2289 esset,
974 2240 1065 2295 quis
1083 2254 1167 2280 non
1186 2239 1239 2280 ad
1255 2250 1427 2279 omnem

68 2312 250 2355 fortioris
273 2326 422 2370 sonum
445 2311 557 2352 vocis
580 2311 780 2352 attonitus
802 2312 1071 2358 redderetur;
1096 2325 1194 2351 cum
1211 2309 1319 2350 inter
1337 2307 1425 2363 ipsa

68 2382 252 2424 subsidia
267 2381 507 2437 frequenter
521 2380 745 2438 improviso
769 2380 875 2422 ictus
898 2381 1081 2421 clamore
1105 2393 1179 2420 nos
1202 2377 1425 2419 obsurdes-

71 2467 167 2493 cere
188 2448 446 2492 sentiamus?
471 2449 579 2491 Tum
602 2451 715 2492 velut
738 2451 929 2506 quaedam
948 2449 1265 2506 propugnacula
1285 2445 1428 2488 videas

72 2522 330 2582 praetendere
361 2520 556 2563 adversus
584 2519 747 2577 frigoris
779 2518 1061 2578 asperitatem,
1094 2517 1326 2574 calorisque
1348 2513 1430 2557 ssa-

119 2620 128 2636 2
151 2611 271 2650 Mam).
287 2621 347 2650 vn,
364 2612 395 2643 5.
