1742 3233
954 163 970 175 δ

321 247 405 303 394
863 262 894 289 s.
934 262 1122 291 Aunnosu

319 339 440 387 bolo,
478 339 671 379 exclusus
708 352 730 379 a
762 337 928 380 Christo
958 348 1050 382 est:
1077 341 1130 382 ita
1168 340 1395 384 Zacchaeus
1427 342 1668 386 renuntians

320 408 526 459 avaritiae,
571 407 783 449 Christum
816 409 985 466 recepit.
1030 410 1261 466 Meritoque
1300 411 1443 452 videns
1486 412 1672 455 studium

321 478 414 535 ejus
428 511 437 526 ,
457 479 571 534 quod
587 478 628 519 in
648 479 839 519 arborem
859 479 1134 528 ascendisset,
1160 488 1206 521 ut
1226 488 1509 522 transeuntem
1525 481 1672 524 Jesum

319 547 503 596 videret,
529 547 628 589 dicit
650 547 852 589 Dominus
877 562 886 588 :
922 565 939 586 α
960 548 1163 604 Zacchaee
1179 580 1188 596 ‚
1214 548 1414 590 festinans
1446 551 1669 598 descende,
1716 550 1724 556 ”

321 618 447 674 »quia
471 617 594 659 hodio
618 618 660 658 in
688 619 813 659 domo
841 626 912 659 tua
938 633 1107 659 manere
1131 633 1198 659 me
1221 626 1398 676 oportet.
1425 619 1477 659 Et
1499 620 1675 660 descen—

324 706 340 727 ι)
355 688 414 729 dit
429 688 626 728 festinans
642 719 651 735 ,
676 695 717 728 et
737 687 901 743 excepit
917 687 1033 728 illum
1052 689 1235 745 gaudens
1250 687 1280 729 ¹.
1300 706 1316 726 »
1330 687 1412 729 Sed
1429 687 1674 745 excipiendo

326 757 541 798 Christum
561 789 571 804 ,
605 757 780 798 exclusit
800 757 1011 799 avaritiam
1034 791 1044 807 ,
1084 758 1284 815 relegarit
1317 756 1537 814 perfidiam
1561 790 1570 805 ‚
1602 772 1672 799 re-

322 826 524 868 nuntiavit
551 826 776 868 fraudibus.
805 826 937 868 Aliter
958 827 1069 868 enim
1095 843 1178 868 non
1206 827 1439 884 ingreditur
1458 827 1667 875 Christus,

325 896 405 937 nisi
425 904 472 937 ut
495 896 592 937 vitia
615 898 832 945 excludat3
852 897 947 953 quia
965 912 1048 939 non
1072 897 1285 938 cohabitat
1307 897 1533 938 erroribus.
1556 897 1678 939 Deni-

317 981 407 1021 rque
433 967 484 1006 de
513 967 669 1022 templo
703 966 900 1022 ejiciebat
922 967 1225 1009 nummularios
1243 998 1253 1014 ,
1283 967 1378 1023 quia
1404 967 1490 1023 ipse
1513 967 1678 1008 volebat

327 1035 526 1077 habitare.
553 1037 671 1077 Unde
694 1037 922 1079 Zacchaeus
944 1037 1024 1078 hoc
1050 1037 1309 1093 intelligens,
1347 1037 1441 1092 quia
1465 1035 1679 1077 Christum

326 1113 467 1146 vetere
495 1121 569 1146 suo
595 1107 805 1163 suscipere
833 1106 984 1148 affectu
1017 1121 1099 1147 non
1122 1099 1321 1162 poterat,
1343 1105 1556 1162 superiora
1583 1105 1679 1146 vitia

327 1175 441 1236 exire
458 1191 531 1215 suo
549 1175 668 1230 jussit
685 1176 864 1233 hospitio
882 1209 891 1224 ,
910 1184 956 1217 ut
975 1175 1165 1217 Christus
1183 1176 1374 1218 intraret.
1394 1175 1538 1217 Merito
1557 1175 1680 1232 igitur

329 1243 545 1286 Pharisaeis
562 1244 1111 1301 obmurmurantibusquod
1126 1245 1330 1286 Dominus
1344 1245 1466 1287 Jesus
1484 1246 1535 1286 ad
1549 1244 1683 1285 homi-

328 1328 425 1355 nem
448 1322 720 1370 peccatorem
742 1315 974 1356 divertisset
997 1329 1167 1356 manere
1181 1347 1191 1362 ,
1217 1314 1320 1355 dixit
1342 1315 1393 1355 ad
1419 1314 1647 1355 Dominum
1668 1329 1677 1354 z

340 1399 354 1420 α
379 1382 487 1423 Ecce
513 1383 734 1424 dimidium
755 1384 967 1425 bonorum
989 1399 1181 1425 meorum
1200 1417 1209 1432 ‚
1231 1384 1432 1431 Domine,
1452 1385 1505 1426 do
1529 1397 1682 1440 paupe-

330 1470 346 1491 >1
360 1453 501 1500 ribus;
525 1460 566 1495 et
596 1454 627 1494 si
660 1454 727 1494 cui
763 1453 916 1509 aliquid
942 1453 1087 1495 fraude
1126 1454 1299 1501 abstuli,
1335 1454 1464 1494 reddo
1497 1453 1682 1508 quadru-

314 1539 346 1560 π)
360 1521 518 1578 plum2.
547 1524 621 1563 »ln
644 1538 726 1579 quo
750 1523 826 1564 illis
849 1523 1079 1580 respondit,
1105 1523 1175 1580 qui
1197 1524 1393 1565 dicebant
1415 1530 1682 1579 peccatorem

335 1592 500 1634 Christo
523 1593 751 1650 hospitium
769 1609 853 1635 non
878 1594 1069 1636 debuisse
1091 1593 1276 1650 praebere
1302 1608 1310 1634 ε
1338 1593 1419 1634 hoe
1442 1600 1526 1640 est,
1559 1590 1683 1633 «Jam

334 1677 419 1703 nou
442 1678 530 1704 sum
554 1664 827 1721 publicanus,
847 1680 930 1706 non
955 1680 1046 1706 sum
1064 1664 1131 1706 ille
1152 1663 1403 1711 Zacchaeus,
1419 1678 1502 1704 non
1514 1663 1654 1720 praedo
1668 1695 1679 1711 ‚

331 1745 417 1772 non
458 1732 682 1775 fraudator.
720 1735 866 1777 Reddo
903 1750 994 1791 quae
1032 1733 1202 1781 sustuli,
1243 1735 1374 1775 reddo
1410 1733 1481 1789 qui
1521 1732 1686 1784 auferre

334 1815 646 1845 consueveram.
669 1802 694 1845 J
698 1818 765 1845 am
783 1805 893 1846 dono
916 1803 1169 1861 pauperibus
1184 1835 1194 1851 ,
1216 1817 1319 1858 quos
1333 1809 1426 1843 ante
1443 1802 1655 1843 nudabam
1671 1815 1681 1843 e

335 1869 422 1927 jam
439 1887 531 1913 mea
548 1873 717 1915 consero
731 1906 741 1922 ,
767 1874 980 1930 quialiena
1000 1873 1227 1930 rapiebam.
1243 1891 1258 1912 »
1282 1872 1499 1929 Fugerunt
1511 1870 1690 1913 crimina

341 1949 435 1996 post
454 1956 578 1997 quam
601 1942 794 1985 Christus
816 1943 994 1985 intravit.
1017 1943 1212 1985 Discussa
1225 1950 1288 1984 est
1311 1941 1447 1983 omnis
1459 1939 1694 1984 carnalium

335 2010 501 2052 eaeeitas
522 2012 763 2069 passionum
776 2046 788 2063 ,
813 2013 885 2055 ubi
906 2021 1072 2056 aeternae
1093 2012 1186 2055 vitae
1207 2013 1351 2055 lumen
1373 2011 1559 2054 infusum
1577 2017 1652 2054 est.

377 2108 386 2122 ¹
410 2100 490 2132 Luc.
513 2112 568 2132 ιιι
584 2124 592 2140 ,
622 2103 638 2132 5
653 2125 661 2138 ,
684 2102 715 2134 6.
740 2120 780 2127 --
799 2113 811 2127 ²
829 2102 916 2136 lbid.
935 2103 965 2135 8.
