1742 3233
313 225 397 280 298
855 238 886 266 s·
925 237 1115 267 AMBnosn

310 313 459 374 piditas
475 323 552 363 est,
571 315 637 356 vel
652 315 901 373 plerumque
916 316 1111 364 formido,
1130 313 1228 356 licet
1243 328 1294 356 ex
1309 312 1533 357 formidine
1548 314 1661 357 oria-

312 393 381 426 tur
405 384 624 441 cupiditas,
656 387 757 426 dum
780 386 1067 442 unusquisque
1092 385 1180 425 vult
1205 383 1335 425 vitare
1363 385 1476 440 quod
1493 384 1655 426 metuit.

311 456 363 498 Et
381 456 474 497 ideo
492 464 606 497 recte
629 455 889 498 iracundiam
912 465 954 498 et
975 455 1252 513 cupiditatem
1275 456 1456 496 duorum
1477 455 1665 511 reliquo-

312 540 407 566 rum
442 526 656 582 posuimus
691 525 899 567 incentiva
939 526 1150 567 vitiorum.
1189 524 1511 567 Consideremus
1542 525 1667 582 igitur

314 604 457 637 utrum
478 596 562 637 Eva
584 596 648 637 his
666 599 717 637 ad
745 597 893 638 vitium
919 597 1096 638 stimulis
1124 595 1294 637 incitata
1321 595 1386 638 sit.
1421 595 1504 638 Sed
1531 609 1669 651 neque
1708 608 1723 636 :i

319 666 580 707 irascebatur
596 665 746 706 marito
758 697 769 713 ,
788 680 924 722 neque
942 666 1169 723 cupiditate
1185 664 1293 706 victa
1310 672 1371 705 est
1390 679 1399 705 ε
1426 664 1468 705 in
1485 665 1670 706 secundo

318 734 518 776 duntaxat
539 743 668 781 errat,
687 743 735 775 ut
751 731 962 776 edendum
979 736 1069 777 viro
1086 736 1218 783 daret,
1239 735 1352 791 quod
1366 734 1453 790 jam
1470 734 1558 791 ipsa
1575 748 1649 790 gus
1662 758 1673 764 -
1709 768 1714 771 ,

317 811 486 845 taverat.
523 803 664 845 Primo
706 804 843 845 suerat
882 805 1087 861 cupiditas
1129 812 1276 845 auctor
1316 804 1469 845 erroris
1505 811 1553 844 ut
1586 803 1674 861 ipsa

316 875 474 921 ederet,
510 873 804 930 sequentisque
832 873 909 915 fuit
935 889 1058 915 causa
1084 873 1260 931 peccati.
1292 873 1420 925 Quod
1445 872 1558 914 enim
1588 872 1675 929 jam
1715 868 1717 873 ’

321 950 572 999 gustaverat,
611 943 848 984 desiderare
885 959 968 984 non
994 951 1169 1000 *poterat
1202 959 1210 984 :
1251 951 1292 984 et
1319 942 1551 999 gustando,
1578 941 1678 983 mali
1711 954 1729 995 ᾗ

322 1012 456 1053 suerat
473 1012 689 1054 scientiam
703 1021 939 1055 consecuta.
959 1013 1114 1055 Malum
1132 1013 1273 1070 igitur,
1289 1012 1404 1068 quod
1428 1011 1676 1059 adverterat,
1719 1004 1730 1065 ¹¹3

321 1082 363 1123 in
389 1082 526 1123 virum
553 1082 740 1124 derivare
766 1098 850 1123 non
877 1083 1038 1131 debuit,
1063 1076 1200 1138 neque
1223 1081 1446 1138 conjugem
1463 1080 1680 1138 proprium
1722 1072 1729 1110 ,¹

322 1153 683 1209 praevaricatorem
711 1152 838 1194 divini
860 1152 998 1194 facore
1024 1152 1222 1194 mandati.
1256 1151 1399 1194 Sciens
1427 1151 1554 1207 igitur
1580 1165 1682 1206 pru-

321 1224 505 1278 densque
528 1223 734 1279 peccavit,
754 1231 794 1264 ot
817 1224 950 1264 sciens
976 1224 1111 1264 virum
1132 1224 1172 1264 in
1191 1239 1314 1264 suum
1330 1223 1457 1264 traxit
1477 1236 1677 1263 errorem.
1728 1223 1729 1226 ’

324 1293 517 1350 Alioquin
556 1293 791 1335 invenietur
817 1294 942 1335 salsus
968 1309 1058 1335 esse
1086 1294 1137 1334 do
1163 1294 1274 1351 ligno
1309 1293 1491 1334 scientiae
1519 1291 1617 1334 honi
1644 1299 1684 1333 et

325 1364 422 1404 mali
447 1378 600 1411 serum,
631 1363 662 1404 si
689 1363 816 1405 etiam
844 1372 1117 1420 posteaquam
1145 1364 1196 1405 de
1221 1379 1269 1405 ea
1290 1363 1441 1404 arbore
1462 1361 1686 1403 manduca-

325 1433 400 1480 vit,
427 1432 641 1474 scientiam
668 1433 766 1474 mali
793 1433 949 1475 habere
976 1449 1059 1475 non
1083 1434 1230 1490 potuit.
1264 1433 1390 1484 Quod
1417 1433 1449 1474 si
1471 1447 1599 1489 yerus
1625 1438 1687 1473 est

327 1517 480 1550 sermo,
506 1502 743 1559 cupiditatis
763 1503 910 1560 utique
931 1519 1100 1545 causam
1122 1504 1280 1545 habero
1296 1519 1380 1545 non
1396 1502 1534 1560 potuit
1556 1517 1565 1543 ε
1589 1502 1687 1543 licet

328 1571 515 1629 plerique
541 1572 600 1613 sic
625 1575 911 1621 excusandum
936 1581 1100 1631 putent,
1130 1574 1245 1630 quod
1269 1572 1443 1630 diligens
1471 1572 1609 1613 virum
1637 1571 1687 1612 ab

329 1657 378 1683 eo
405 1643 591 1683 timuerit
613 1643 810 1700 separari,
840 1652 882 1685 et
907 1644 1016 1686 hanc
1044 1659 1213 1685 causam
1242 1642 1482 1700 cupiditatis
1507 1649 1690 1699 praeten—
1716 1635 1717 1638 ¹

333 1711 448 1762 dant,
477 1712 590 1768 quod
612 1728 701 1755 esse
721 1714 901 1755 voluerit
923 1729 1021 1755 cum
1044 1714 1209 1755 marito.

335 1843 375 1857 §NS
379 1843 422 1857 xvv
427 1842 467 1856 ὶΛΑ
472 1843 514 1857 xvv
519 1843 557 1857 ννὶ
562 1843 602 1858 vv}
609 1843 696 1859 ᾺΝΛΛΝ
701 1844 786 1858 QWSW
791 1844 832 1858 ννὶι
838 1845 875 1858 vx!
884 1844 922 1859 ΙᾺ
928 1844 1009 1859 mmmm
1014 1843 1281 1863 Χλᾚυννννὶικὶἱὼννιὶκ
1289 1843 1416 1857 ννὶικὶννιὶἱ
1422 1842 1464 1856 ΒΑΝ
1470 1841 1642 1857 ΝΊΝἏΝΙἏΑΊΚἊ
1648 1840 1692 1855 VVV

826 1930 828 1932 ⁵
862 1964 1038 2006 CAPUT
1074 1963 1163 2006 vn.

339 2138 570 2189 Quceritur
589 2147 740 2179 utrum
757 2153 785 2179 a
801 2137 908 2185 Deo,
932 2137 1003 2179 vel
1019 2153 1046 2178 a
1071 2137 1206 2193 ligno,
1231 2136 1302 2178 vel
1319 2135 1497 2176 demwm
1516 2131 1699 2175 aliunde

391 2222 509 2248 mors
531 2207 704 2248 homini
726 2208 962 2260 accc‘clcrit;
986 2218 1115 2263 alque
1138 2206 1323 2263 objectio
1345 2203 1586 2261 multiplici
1608 2217 1694 2243 res-

394 2278 606 2332 ponsione
629 2278 834 2320 diluitur.

399 2421 578 2465 XXXV.
618 2423 776 2466 ITERUM
804 2423 880 2465 alia
908 2423 1078 2480 q'uaestio
1108 2423 1298 2480 subrepit
1316 2420 1428 2463 undo
1449 2434 1564 2461 mors
1588 2417 1708 2462 acci-.

340 2491 449 2534 derit
474 2492 590 2541 Adae,
619 2501 762 2536 utrum
785 2511 807 2536 a
826 2503 974 2536 natura
997 2493 1097 2552 ligni
1119 2491 1344 2550 ejusmodi,
1365 2506 1415 2533 an
1431 2505 1532 2533 vero
1551 2504 1572 2531 a
1591 2488 1692 2530 Deo.

339 2562 381 2604 Si
403 2571 563 2605 naturae
587 2564 686 2622 ligni
708 2565 790 2608 hoc
812 2565 1074 2613 ascribimus,
1098 2563 1262 2606 videtur
1278 2561 1379 2619 ligni
1396 2559 1522 2617 hujus
1538 2559 1701 2602 fructus
