1742 3233
326 251 411 294 586
870 267 899 293 s.
939 266 1130 296 Amssnosn

380 339 569 384 XLVIII.
584 339 747 382 Sanctae
759 348 897 384 tamen
914 351 954 385 et
971 344 1228 402 propheticae
1249 345 1402 388 mentis
1421 358 1520 387 cura
1537 346 1673 402 major

323 410 575 468 posteritatis
603 418 816 468 perpetuae
842 421 916 454 est.
948 413 1096 456 Partus
1125 415 1238 457 enim
1269 415 1480 472 sapientiae
1511 423 1554 456 et
1576 414 1674 457 fidei

324 480 611 525 haereditatem
637 480 853 524 desiderat.
883 483 982 525 Ideo
1007 484 1064 526 ait
1091 500 1132 526 :a
1158 485 1271 536 Quid
1296 486 1400 528 mihi
1423 484 1569 528 dabis?
1589 485 1675 542 Ego

327 569 342 590 »
358 559 497 593 autem
515 550 702 592 dimittor
713 551 799 593 sine
807 550 900 596 filiis
914 552 944 595 ².
962 571 977 592 ›>
991 554 1188 596 Ecclesiae
1197 556 1383 597 sobolem
1397 553 1675 603 desiderabat,

325 636 418 664 eam
439 615 750 665 'successionem
773 623 943 678 petebat
964 638 1057 680 quae
1081 639 1165 666 non
1190 634 1297 667 esset
1318 624 1499 674 servilis,
1533 625 1607 665 sed
1627 624 1680 666 Ii-

327 692 428 734 bera
454 707 462 733 :
486 706 571 733 non
605 692 838 733 secundum
874 707 1044 734 carnem
1063 727 1075 743 ,
1112 695 1185 735 sed
1216 696 1450 736 secundum
1486 694 1673 752 gratiam.

327 762 511 818 Ideoque
546 761 790 817 hujusmodi
826 776 1071 819 responsum
1102 763 1289 805 divinum
1327 765 1567 813 resultavit,
1598 779 1680 820 quo

328 832 501 873 edoctus
525 831 681 872 audivit
701 846 710 872 ε
728 831 935 888 «Respice
959 832 1001 874 in
1018 834 1171 875 coelum
1186 866 1196 882 ‚
1217 842 1258 875 et
1280 848 1456 875 numera
1478 835 1631 882 stollas,
1651 833 1684 874 si

329 909 475 959 »potes
511 916 748 943 numerare.
788 901 841 943 Et
875 902 977 944 dixit
1004 918 1046 944 :«
1077 903 1146 946 Sic
1187 904 1265 946 erit
1294 919 1436 946 semen
1465 912 1596 945 tuum.
1632 903 1685 944 Et

329 990 344 1010 »
361 971 539 1013 credidit
556 971 715 1013 Abram
731 971 836 1020 Deo,
858 980 899 1013 et
923 981 1165 1029 reputatum
1186 981 1248 1015 cst
1265 973 1301 1015 ei
1323 974 1375 1016 ad
1390 971 1638 1030 justitiam².
1657 991 1673 1011 υ

331 1040 445 1091 Quid
467 1040 671 1089 credidit?
691 1041 782 1083 Hoc
806 1050 884 1090 est,
913 1057 998 1084 non
1020 1044 1156 1084 solum
1177 1042 1492 1085 multitudinem
1512 1043 1686 1101 populo-

329 1125 425 1152 rum
448 1111 490 1152 in
522 1111 736 1153 Christum
764 1112 1052 1162 credentium,
1086 1116 1158 1155 sed
1190 1115 1316 1156 etiam
1339 1114 1520 1156 coelestis
1547 1113 1688 1171 gratiae

332 1182 597 1238 splendorem
612 1213 624 1229 ,
649 1190 690 1222 et
707 1183 1060 1225 resurrectionem
1076 1185 1169 1226 vitae
1187 1185 1434 1227 immortalis
1454 1184 1588 1228 soboli
1605 1185 1689 1226 Ec-

335 1251 469 1293 elesiae
503 1250 784 1293 desere-udam.
822 1252 937 1302 Quid
969 1261 1031 1294 est
1062 1262 1202 1295 autem
1230 1255 1342 1310 quod
1380 1255 1436 1296 ait
1465 1270 1507 1295 :«
1536 1252 1691 1296 Eduxit

335 1336 463 1364 »eum
502 1320 611 1363 foras
633 1320 682 1361 ³?
711 1321 959 1378 »Tanquam
993 1322 1102 1364 seras
1141 1323 1337 1365 educitur
1372 1322 1610 1381 Propheta,
1645 1330 1693 1363 ut

335 1399 454 1434 exe-at
482 1391 592 1434 sores
624 1391 836 1449 eorporis,
874 1401 916 1434 et
953 1393 1161 1450 angustias
1193 1394 1330 1435 earnis
1361 1393 1610 1450 operientis,
1643 1392 1692 1434 ac

336 1461 515 1519 Spiritus
536 1462 669 1504 saneti
697 1461 949 1504 infusionem
965 1496 975 1512 ,
999 1471 1041 1504 et
1063 1464 1176 1505 velut
1201 1463 1425 1520 quamdam
1451 1462 1692 1505 descensio-

336 1547 434 1574 nem
451 1531 600 1574 videat.
619 1532 796 1590 Oportet
813 1546 888 1574 nos
907 1547 1073 1590 quoque
1091 1533 1203 1575 exire
1220 1549 1270 1575 ex
1285 1533 1350 1575 his
1368 1532 1583 1575 diversorii
1603 1546 1695 1574 nos-

339 1602 392 1644 tri
419 1602 621 1660 angustiis
636 1635 647 1651 ,
671 1603 877 1644 mundare
902 1602 1047 1645 auimae
1069 1611 1221 1645 nostrae
1243 1604 1387 1646 locum
1412 1603 1463 1645 ab
1491 1602 1607 1644 omni
1630 1601 1696 1644 in-

339 1673 633 1730 quinamento,
666 1663 873 1730 projicere
904 1674 1045 1715 sordes
1077 1674 1404 1721 malevolentiae,
1437 1673 1471 1715 si
1505 1674 1697 1715 volumus

339 1741 531 1799 spiritum
562 1742 750 1800 recipere
779 1742 1016 1800 sapientiae3
1043 1743 1139 1799 quia
1167 1743 1209 1784 in
1240 1743 1488 1784 malevolam
1516 1742 1697 1784 animam

342 1827 426 1854 non
444 1812 633 1854 introibit
648 1812 862 1870 sapientia.
875 1812 1064 1855 Credidit
1081 1821 1221 1854 autem
1237 1812 1473 1861 Abraham,
1489 1826 1573 1853 non
1590 1810 1694 1858 auri,

342 1897 427 1923 non
460 1882 618 1939 argenti
647 1883 810 1925 illectus
842 1883 1080 1924 testimonio
1106 1898 1114 1924 :
1141 1883 1214 1924 sed
1235 1883 1330 1939 quia
1362 1883 1491 1923 corde
1519 1880 1700 1923 credidit

345 1955 397 1995 ad
426 1953 642 2009 justitiam.
669 1954 717 1995 In
751 1969 833 2011 quo
862 1955 1088 2012 probatum
1118 1961 1180 1995 est
1210 1953 1301 2009 ejus
1324 1952 1522 1994 meritum
1540 1985 1551 2000 ,
1585 1951 1627 1993 in
1649 1966 1699 1993 eo

342 2025 603 2083 persolutum
625 2033 688 2066 est
713 2023 946 2082 praemium.

402 2094 554 2137 XLIX.
593 2094 784 2150 Denique
807 2095 947 2135 statim
964 2092 1062 2135 fidei
1080 2093 1172 2150 ejus
1191 2092 1480 2134 testimonium
1496 2091 1702 2134 Dominus

345 2163 459 2205 dedit
480 2163 621 2205 dicens
642 2178 650 2204 :
669 2181 684 2202 «
698 2163 784 2221 Ego
801 2179 894 2205 sum
915 2163 1119 2206 Dominus
1141 2163 1253 2205 Deus
1280 2171 1374 2205 tuus
1388 2195 1397 2210 ,
1424 2162 1495 2219 qui
1516 2161 1642 2203 eduxi
1662 2170 1703 2203 te

344 2235 425 2276 »de
456 2241 566 2275 terra
597 2233 917 2282 Chaldaeorum,
953 2242 999 2275 ut
1030 2234 1174 2275 darem
1207 2233 1281 2275 tibi
1309 2241 1464 2274 terram
1490 2232 1625 2279 hanc,
1655 2239 1705 2272 ut

342 2303 501 2361 »uhaeres
514 2319 624 2345 esses
642 2303 678 2360 ej
687 2303 773 2345 us4.
794 2322 808 2341 n
823 2304 875 2344 Et
895 2303 991 2360 quia
1013 2304 1264 2360 deposuerat
1277 2302 1491 2344 Abraham
1514 2300 1704 2342 studium

345 2374 665 2422 Chaldaeorum,
699 2373 846 2430 quaerit
876 2387 990 2415 nune
1021 2388 1030 2414 ε
1057 2373 1337 2423 «Quomodo,
1374 2371 1532 2428 inquit,
1556 2369 1705 2412 intelli-

343 2459 466 2502 »gam
497 2443 592 2502 quia
616 2444 748 2486 haeres
771 2443 862 2501 ejus
887 2442 999 2485 sum⁵
1017 2443 1062 2485 Ρ»
1076 2443 1167 2497 Hoc
1197 2450 1285 2492 est,
1318 2442 1405 2499 jam
1428 2439 1705 2484 divinationes

390 2570 397 2584 ¹
420 2562 503 2594 Gen.
522 2572 575 2598 xv,
593 2572 622 2594 ι.
640 2576 680 2586 -1—
699 2571 711 2586 ²
731 2561 822 2595 Ibid.
839 2564 871 2602 5,
887 2563 917 2594 6.
940 2571 978 2587 -’-
997 2561 1113 2594 ³1bid,
1134 2571 1172 2586 -ι-
1192 2560 1310 2593 ⁴1bid.
1332 2572 1363 2603 7.
1380 2578 1421 2585 -·
1438 2560 1449 2582 ⁵
1468 2558 1551 2591 lbid.
1569 2557 1602 2590 8.
