1747 3260
527 321 813 350 HEXAEMERON.
854 322 931 348 LlB.
971 322 1007 348 V.
1362 328 1438 355 221

93 406 341 457 protestans.
372 398 461 439 Hoc
484 406 659 438 canente
682 399 789 439 latro
815 413 906 438 snas
930 398 1125 454 relinquit
1148 399 1338 449 insidias3
1365 403 1445 444 hoc,

96 469 183 526 ipse
204 468 354 509 lucifer·
375 467 578 509 excitatus
602 467 751 516 oritur,
777 469 1015 524 coelumque
1040 469 1265 519 illuminat.;
1281 471 1362 513 hoc
1385 489 1447 514 ca-

96 549 221 581 nente
240 538 477 580 moestitiam
498 538 682 594 trepidus
702 546 825 579 nauta
851 539 1035 595 deponit,
1063 539 1279 596 omnisque
1299 543 1447 584 erc-hro

95 610 341 667 vespertinis
366 608 534 650 flatibus
557 608 734 650 excitata
766 616 990 665 tempestas
1021 617 1062 649 ct
1088 612 1272 666 procella
1311 613 1450 654 mites-

97 680 178 727 cit;
210 679 290 721 hoc
316 687 518 725 canente,
544 679 717 719 devotus
748 677 920 719 affectus
942 678 1055 719 exilit
1085 681 1135 720 ad
1162 683 1419 736 precandum
1437 716 1447 731 ‚

97 749 262 806 legendi
285 763 451 805 qnoque
483 763 636 788 munus
664 748 890 796 instaurat3
917 748 998 789 hoc
1018 757 1229 805 postremo
1255 761 1446 802 canente,

98 820 184 877 ipsa
205 818 400 860 Ecclesiae
417 818 537 859 Petra
560 819 726 874 culpam
751 833 867 859 suam
890 819 1024 867 diluit,
1045 835 1168 876 quam
1194 822 1306 877 prius
1324 838 1450 879 quam

101 891 232 946 gallus
268 895 476 936 cantaret,
508 888 698 944 negando
732 896 1009 930 contraxerat.
1047 890 1167 931 Istius
1201 901 1328 933 cantu
1360 909 1451 949 spes

100 959 295 1001 omnibus
318 958 445 1007 redit,
471 958 590 1014 aegris
612 960 772 999 levatur
794 958 1109 1000 incommodum
1125 993 1134 1008 ‚
1158 960 1362 1002 minuitur
1385 964 1454 1003 do-

100 1030 164 1071 lor
179 1032 417 1075 vulnerum,
433 1027 610 1068 febrium
629 1027 844 1084 flagrantia
863 1028 1091 1085 mitigatur,
1112 1031 1333 1071 revertitur
1351 1031 1453 1074 fides

100 1100 240 1157 lapsis,
262 1099 384 1140 Jesus
402 1098 629 1139 titubantes
647 1097 829 1153 respicit,
849 1106 1034 1139 errantes
1058 1100 1239 1156 corrigit.
1262 1101 1453 1158 Denique

102 1169 283 1227 respexit
303 1170 472 1229 Petrum
488 1200 499 1216 ,
524 1175 564 1209 et
596 1167 734 1209 statim
758 1183 875 1209 error
897 1168 1095 1209 abscessit
1120 1184 1129 1209 :
1156 1171 1272 1226 pulsa
1296 1179 1357 1212 est
1381 1188 1456 1214 ne-

104 1242 213 1298 gatio
231 1274 240 1289 ,
275 1248 414 1281 secuta
441 1238 658 1280 confessio.
689 1238 811 1289 Quod
840 1253 924 1278 non
949 1238 1120 1280 fortuito
1144 1239 1359 1289 accidisse,
1385 1244 1456 1285 sed

105 1328 155 1354 ex
185 1310 386 1352 sententia
408 1308 576 1350 Domini
598 1308 721 1349 lectio
749 1309 883 1349 docet.
918 1307 984 1348 Sic
1009 1308 1119 1349 enim
1145 1309 1347 1366 scriptum
1373 1320 1455 1360 est;

106 1382 200 1439 quia
220 1381 320 1422 dixit
340 1379 462 1421 Jesus
485 1380 536 1419 ad
553 1378 769 1419 Simonem
790 1393 798 1418 :
817 1396 831 1416 «
850 1378 940 1419 Non
962 1379 1311 1436 cantabitgallus,
1341 1382 1455 1438 prius

106 1472 122 1493 »
137 1467 263 1509 quam
290 1466 357 1492 me
375 1458 438 1491 tor
454 1450 632 1505 abneges
650 1448 679 1490 ¹.
703 1466 717 1486 υ
732 1449 845 1489 Bene
865 1448 980 1489 sortis
999 1449 1040 1489 in
1059 1450 1124 1490 die
1140 1450 1308 1499 Petrus,
1334 1460 1459 1493 nocte

106 1523 322 1568 turbatum
347 1527 388 1561 et
410 1527 503 1560 ante
525 1518 620 1575 galli
644 1526 814 1559 cantum
837 1518 991 1559 labitur
1010 1519 1131 1560 tertio
1146 1552 1155 1567 ‚
1181 1528 1226 1560 ut
1245 1521 1349 1562 scias
1373 1536 1457 1563 non

109 1593 343 1634 inconsulta
366 1589 567 1632 effusione
589 1588 792 1630 sermonis
815 1603 903 1629 csse
926 1590 1168 1646 prolapsum
1183 1623 1192 1638 ‚
1219 1592 1291 1632 scd
1311 1592 1464 1633 mentis

110 1677 275 1719 quoque
303 1660 535 1702 mutatione
559 1660 786 1700 turbatum.
813 1659 930 1699 Idem
961 1667 1099 1700 tamen
1124 1668 1215 1717 post
1244 1661 1339 1718 galli
1363 1677 1464 1703 can-

112 1740 200 1774 tum
228 1731 274 1773 fit
306 1730 478 1778 sortior,
510 1738 551 1771 ct
582 1729 666 1785 jam
702 1729 851 1785 dignus
882 1744 1008 1785 quem
1039 1729 1228 1771 Christus
1259 1731 1429 1788 aspiciat
1455 1747 1465 1774 :

112 1803 223 1844 oculi
250 1802 361 1843 enim
387 1800 555 1843 Domini
584 1815 708 1857 super
735 1799 882 1856 justos·
918 1799 1099 1856 Agnovit
1130 1801 1291 1841 vonisse
1329 1817 1468 1844 reme-

113 1873 243 1919 dium,
264 1880 357 1929 post
378 1871 590 1927 quodjam
607 1885 747 1911 errare
765 1885 849 1911 non
873 1878 1012 1926 posse-t
1037 1886 1046 1911 :
1074 1879 1115 1911 et
1138 1871 1178 1912 in
1199 1871 1396 1913 virtutem
1417 1873 1468 1913 ab

112 1957 254 1999 errore
276 1949 476 1989 mutatus,
502 1940 758 1982 amarissime
780 1939 893 1981 flevit
912 1972 922 1988 ,
949 1948 995 1981 ut
1023 1941 1218 1998 lacrymis
1246 1942 1329 1983 suis
1354 1943 1470 1984 delc-

117 1998 182 2055 rist
203 2028 404 2055 errorem.

167 2125 176 2141 ¹
201 2115 317 2148 Mauh.
335 2125 426 2154 xxvx,
446 2114 496 2154 34.
