1742 3233
591 297 932 349 ,ωηοψηιοηςᾳ
1351 300 1436 347 633

88 395 200 443 alibi.
235 398 353 442 Unde
385 397 511 440 etiam
539 396 587 440 B.
618 396 695 441 Th.
724 412 762 438 2.
792 410 852 445 2.,
876 412 915 453 q.
946 411 1020 446 111,
1046 405 1173 446 art.1‚
1197 395 1321 440 docet
1340 395 1442 439 Am—

87 469 274 511 brosium
307 468 428 511 isthic
458 467 706 525 mysterium
722 474 762 509 et
785 467 1056 524 prophetiam
1082 482 1333 526 agnoscere,
1357 480 1441 510 non

87 538 376 588 mendacium,
401 545 472 581 aut
493 537 816 581 simulationem.

443 716 683 746 ANNOTATIO
721 702 811 761 (43)
848 717 938 761 pag.
980 703 1076 760 549.

145 871 225 914 Pro
253 870 316 914 his
338 870 547 928 Evangelii
574 870 736 920 verbis,
761 871 952 914 Domine.
967 905 978 921 ,
1002 887 1139 928 ‘neque
1162 873 1211 913 in
1231 888 1316 930 quo
1333 873 1439 916 Ιιαα-

89 941 209 990 rias,
237 941 387 991 haben
415 943 571 1000 legerat
598 950 764 984 sanctus
789 942 948 984 Doctor
967 956 977 984 ε
999 943 1206 992 Domine,
1233 959 1368 1000 neque
1390 945 1439 985 in

88 1027 172 1068 qao
190 1012 422 1068 hauriam,
444 1011 590 1055 habeo.
618 1012 745 1065 Quod
770 1021 911 1061 tamen
934 1013 975 1055 in
1000 1014 1145 1057 Bibliis
1169 1015 1292 1058 nullis
1315 1030 1436 1073 repe-

91 1081 173 1125 rire
194 1091 268 1125 est.

510 1229 754 1258 ANNoTA'rio
792 1215 881 1270 (44)
920 1214 1018 1258 ibid.

155 1365 195 1407 V
200 1366 297 1407 iria}
320 1366 431 1408 idem
455 1365 691 1425 significant
708 1375 832 1425 atque
855 1366 1014 1417 annuli,
1035 1374 1080 1409 ut
1101 1381 1151 1409 ex
1171 1366 1441 1425 sequentibus

97 1436 294 1495 colligere
314 1445 387 1479 est.

451 1612 693 1641 ANNOTATIO
731 1596 820 1655 (45)
859 1612 949 1655 pag.
985 1597 1084 1648 554.

156 1754 336 1797 Abrahae
373 1770 526 1797 nomen
555 1754 719 1796 videtur
752 1754 999 1797 Ambrosius
1037 1756 1257 1798 deduxisse
1292 1773 1311 1798 a
1348 1773 1450 1800 voce

97 1824 277 1875 Abram,
305 1841 384 1881 qua
415 1825 612 1867 transitus
648 1824 928 1882 significatum
965 1834 1033 1868 aut
1063 1827 1200 1884 potius
1223 1816 1451 1885 respexisse

97 1897 150 1937 ad
170 1911 259 1953 cap.
288 1911 370 1943 x1v,
396 1911 435 1936 n.
469 1899 515 1937 13
534 1929 544 1943 ,
569 1895 640 1936 ubi
663 1897 898 1937 seeundum
919 1896 1040 1939 LXX
1063 1896 1278 1939 Abraham
1297 1897 1450 1940 transi-

98 1975 162 2008 tor
185 1966 350 2009 dicitur.
380 1965 482 2009 Vide
506 1966 717 2009 Nobilium
741 1966 781 2007 in
809 1968 1008 2009 eumdem
1024 1968 1178 2012 locum.

522 2145 766 2173 ANNOTATIO
803 2129 893 2186 (46)
933 2130 1031 2172 ibid.

164 2298 395 2345 Cen-sione,
421 2298 462 2340 id
484 2305 565 2345 est,
587 2311 761 2338 censura
777 2328 787 2344 ,
808 2311 857 2338 ac
878 2297 1179 2340 moderatione.

522 2484 767 2512 ΑΝΝΟΤΑΤΙΟ
805 2468 894 2526 (47)
933 2469 1033 2512 ibid.

161 2627 276 2670 Idem
291 2624 497 2685 significat
515 2623 766 2683 prolativum
781 2632 904 2682 atque
921 2623 1193 2668 extensivum.
1214 2622 1305 2669 Vox
1315 2624 1427 2667 enim
1444 2657 1454 2674 ,
