1742 3233
384 305 435 332 DE
470 302 548 332 Νοε
580 303 633 331 ΕΤ
667 302 786 331 Anci.
825 302 943 332 Lmen
977 303 1092 332 usus.
1319 290 1402 345 495

54 396 137 423 non
161 388 301 429 aetate,
320 394 404 421 non
425 388 616 438 tempore
635 379 812 436 accipias
833 394 841 420 τ
863 381 936 421 sed
957 381 1109 422 rudem
1130 394 1251 429 sensu
1266 412 1277 428 ,
1301 379 1402 421 etin

54 451 234 507 quadam
260 450 494 492 intellectus
517 448 686 491 infantia
709 448 986 491 constitutum
1003 481 1014 498 ,
1039 449 1110 506 qui
1130 448 1403 506 provectioris

55 519 290 561 doctrinam
312 518 442 560 aetatis
463 534 548 560 non
573 518 782 567 hauserit,
808 533 885 560 nec
902 518 1137 575 perceperit
1153 519 1281 561 senile
1299 532 1403 560 con—

55 589 222 631 silium?
238 588 341 631 Cani
363 588 474 630 enim
499 588 668 645 quidam
693 595 789 630 sunt
810 603 952 630 sensus
978 588 1211 630 hominum.
1238 589 1290 630 Et
1312 588 1406 630 ideo

55 659 190 716 inquit
210 674 219 701 :
237 658 376 700 «Cum
406 659 568 701 veneris
601 660 652 700 acl
682 658 894 700 seniorum
917 657 1164 706 concilium,
1191 658 1338 700 claude
1361 672 1407 699 os

56 747 72 768 »
87 727 248 770 tuum¹.
265 728 346 770 »Et
372 728 469 770 alibi
484 716 618 770 'habet
640 727 844 770 sententia
869 727 1177 769 :miscendum
1198 727 1311 769 enim
1336 725 1410 768 tibi

55 797 200 855 »prius
221 806 283 839 est
309 813 434 854 quam
463 796 761 854 loquendum2.
780 815 795 835 η
809 796 942 838 Aures
965 811 1064 853 ergo
1085 804 1249 853 paratas
1270 796 1404 843 habe,

57 875 104 909 ut
126 868 282 924 aliquid
303 869 355 909 de
377 867 626 924 sapientium
651 867 831 909 consiliis
854 867 1135 924 consequaris.
1159 867 1317 924 Lingua
1342 881 1409 907 re-

57 938 277 996 primenda
300 947 385 987 est,
410 938 566 981 auditio
580 937 873 996 praeparanda.

61 1085 228 1101 ΝᾺΜΛΜ
234 1082 1090 1102 ΜἉΝΜΜΜΝᾺΜΜΜᾺὟΜΜΝἯΝΝὫΜΜΜιΜ
1096 1082 1363 1099 »wvvswvwvwvwx
1367 1084 1410 1099 §W

539 1195 716 1240 CAPUT
748 1195 930 1240 XXXII.

64 1338 101 1379 C
104 1352 159 1381 ur
176 1338 226 1378 in
244 1336 540 1378 benedictione
560 1334 664 1377 Sem
686 1335 855 1376 dictum
876 1334 1010 1392 fuerit
1028 1350 1041 1376 .·
1058 1334 1315 1378 Benedictus
1334 1335 1415 1379 Do-

119 1408 258 1449 minus
279 1406 392 1449 Deus
412 1406 534 1454 Sem3
558 1415 598 1446 et
627 1421 705 1447 cur
738 1405 870 1461 hujus
898 1405 1103 1447 servituti
1124 1421 1215 1447 non
1243 1404 1410 1455 Cham,

121 1479 199 1533 qai
209 1477 407 1535 peccavit
419 1508 434 1524 ,
449 1476 524 1519 sed
539 1475 662 1532 silius
677 1476 773 1531 ejus
788 1474 1056 1517 addicatur?
1074 1476 1116 1518 A
1123 1475 1152 1517 d
1168 1486 1418 1518 extremum

128 1546 368 1589 benedictio
390 1545 581 1604 Japheth
603 1546 852 1601 eoeponilur.

126 1693 260 1737 CXX.
299 1710 314 1731 α
331 1693 597 1735 BENEmcENs
621 1689 755 1732 filium
784 1705 906 1732 suum
931 1689 1029 1732 Sem
1053 1690 1108 1732 ait
1133 1691 1220 1734 Noe'
1248 1708 1256 1734 :
1286 1693 1419 1736 Bene-

67 1782 83 1803 »
98 1764 233 1806 dictus
273 1762 478 1806 Dominus
520 1761 633 1803 Deus
672 1760 771 1802 Sem
789 1778 799 1809 3
838 1769 879 1802 et
911 1762 991 1804 erit
1037 1761 1236 1806 chanaan
1277 1780 1419 1808 servus

68 1852 84 1873 »
98 1833 228 1890 ejus³.
249 1833 330 1874 »Et
348 1830 578 1874 Dominum
603 1838 646 1872 et
667 1830 804 1872 Deum
826 1831 953 1879 dixit,
972 1839 1014 1872 et
1031 1832 1265 1889 specialiter
1284 1834 1422 1876 Deum

69 1904 144 1947 filii
168 1904 248 1953 sui,
275 1903 343 1945 cui
365 1917 521 1945 nomen
537 1900 635 1943 Sem
656 1909 740 1950 est3
761 1916 810 1943 eo
834 1903 948 1957 quod
968 1902 1080 1944 Deus
1101 1903 1311 1959 justorum
1334 1913 1395 1947 est
1411 1939 1422 1954 ,

70 1974 151 2016 hoc
177 1982 267 2022 est,
299 1973 414 2016 Deus
435 1972 666 2020 montium,
700 1985 786 2012 non
817 1971 1014 2021 vallium,
1048 1973 1119 2029 qui
1149 1975 1326 2031 gratiam
1355 1975 1426 2018 ha-

6 2086 9 2087 7
71 2044 199 2086 beant
218 2042 382 2085 virtutis
402 2042 586 2083 excelsae.
614 2040 777 2083 Deinde
802 2056 884 2097 qua
908 2041 1070 2084 ratione
1088 2057 1186 2085 cum
1206 2042 1316 2086 filius
1333 2044 1424 2102 ejus

74 2114 207 2156 Cham
221 2112 485 2170 peccaverit,
506 2126 591 2153 non
612 2111 749 2168 ipsum
772 2113 845 2154 sed
867 2111 1001 2155 filium
1027 2113 1116 2170 ejus
1140 2116 1327 2159 servituti
1352 2118 1428 2159 ad-

75 2184 206 2226 dixit?
224 2183 278 2225 Et
309 2182 482 2224 fortasse
508 2181 602 2223 ideo
640 2183 753 2238 quod
782 2190 900 2238 pater
928 2185 1021 2240 plus
1052 2183 1232 2228 afficitur
1261 2188 1425 2245 injuriis

76 2253 150 2296 filii
171 2253 259 2302 sui,
281 2252 462 2294 maxime
493 2267 670 2308 quarum
699 2252 786 2308 ipse
814 2268 909 2294 reus
942 2262 983 2295 et
1012 2264 1158 2299 auctor
1184 2259 1354 2309 existat,
1386 2269 1428 2304 et

75 2324 363 2367 vehementius
387 2322 657 2364 contristatur
683 2322 745 2363 sui
769 2323 930 2379 peccati
960 2326 1273 2371 damnationem
1295 2346 1317 2372 a
1340 2329 1427 2372 filio

77 2395 331 2452 persolutam
344 2425 354 2441 ,
378 2392 448 2448 qui
471 2407 555 2433 non
573 2400 658 2433 tam
681 2407 754 2433 suo
770 2425 780 2440 ,
801 2408 926 2448 quam
943 2395 1070 2450 patris
1087 2398 1237 2439 merito
1255 2400 1428 2455 punire-

79 2473 159 2507 tur.
195 2463 357 2506 Deinde
387 2462 484 2518 quia
513 2462 583 2518 qui
614 2462 814 2504 doctrinae
844 2472 1027 2520 paternae
1064 2466 1290 2524 discipulus
1322 2479 1431 2515 esset

81 2532 214 2583 filius,
241 2540 282 2575 et
302 2531 576 2589 pessimarum
596 2533 771 2574 aemulus
797 2533 1117 2590 cogitationum,
1143 2553 1227 2581 uno
1251 2554 1430 2598 corpore

130 2630 141 2646 ¹
161 2620 261 2655 Eccli.
277 2631 386 2661 mn,
402 2621 450 2655 ι5.
467 2638 508 2648 ·-
525 2630 539 2660 ξ
557 2620 610 2654 Id.
627 2632 723 2662 nnn,
743 2632 792 2665 ¹9·
809 2640 850 2649 —
867 2623 882 2648 ³
896 2623 982 2660 Gen.
999 2635 1047 2662 ix,
1067 2625 1116 2658 26.
