<?xml version="1.0" encoding="UTF-8"?>
<!DOCTYPE html PUBLIC "-//W3C//DTD XHTML 1.0 Transitional//EN"
    "http://www.w3.org/TR/xhtml1/DTD/xhtml1-transitional.dtd">
<html xmlns="http://www.w3.org/1999/xhtml" xml:lang="en" lang="en">
 <head>
  <title>
</title>
<meta http-equiv="Content-Type" content="text/html;charset=utf-8" />
  <meta name='ocr-system' content='tesseract 3.04.00' />
  <meta name='ocr-capabilities' content='ocr_page ocr_carea ocr_par ocr_line ocrx_word'/>
</head>
<body>
  <div class='ocr_page' id='page_1' title='image "./omniaequaeextant01ambruoft_0491.png"; bbox 0 0 1742 3233; ppageno 0'>
   <div class='ocr_carea' id='block_1_1' title="bbox 398 292 1422 340">
    <p class='ocr_par' dir='ltr' id='par_1_1' title="bbox 398 292 1422 340">
     <span class='ocr_line' id='line_1_1' title="bbox 398 292 1422 340; baseline 0 -8"><span class='ocrx_word' id='word_1_1' title='bbox 398 307 449 332; x_wconf 78' lang='lat' dir='ltr'>m:</span> <span class='ocrx_word' id='word_1_2' title='bbox 484 305 561 332; x_wconf 64' lang='lat' dir='ltr'>Nol«.</span> <span class='ocrx_word' id='word_1_3' title='bbox 595 304 646 331; x_wconf 74' lang='lat' dir='ltr'>nr</span> <span class='ocrx_word' id='word_1_4' title='bbox 686 304 802 331; x_wconf 55' lang='lat' dir='ltr'>anca.</span> <span class='ocrx_word' id='word_1_5' title='bbox 842 303 958 330; x_wconf 75' lang='lat' dir='ltr'>muna</span> <span class='ocrx_word' id='word_1_6' title='bbox 992 303 1104 330; x_wconf 63' lang='lat' dir='ltr'>mss.</span> <span class='ocrx_word' id='word_1_7' title='bbox 1342 292 1422 340; x_wconf 66' lang='lat'>461</span> 
     </span>
    </p>
   </div>
   <div class='ocr_carea' id='block_1_2' title="bbox 4 381 1426 2531">
    <p class='ocr_par' dir='ltr' id='par_1_2' title="bbox 69 381 1426 1343">
     <span class='ocr_line' id='line_1_2' title="bbox 80 381 1426 438; baseline 0.001 -15"><span class='ocrx_word' id='word_1_8' title='bbox 80 383 206 434; x_wconf 90' lang='lat' dir='ltr'>Quod</span> <span class='ocrx_word' id='word_1_9' title='bbox 227 381 303 424; x_wconf 89' lang='lat' dir='ltr'>etsi</span> <span class='ocrx_word' id='word_1_10' title='bbox 321 383 552 424; x_wconf 90' lang='lat' dir='ltr'>secundum</span> <span class='ocrx_word' id='word_1_11' title='bbox 575 382 756 424; x_wconf 79' lang='lat' dir='ltr'>litteram</span> <span class='ocrx_word' id='word_1_12' title='bbox 780 382 951 438; x_wconf 86' lang='lat' dir='ltr'>planum</span> <span class='ocrx_word' id='word_1_13' title='bbox 973 381 1154 429; x_wconf 75' lang='lat' dir='ltr'>videtur,</span> <span class='ocrx_word' id='word_1_14' title='bbox 1178 395 1261 421; x_wconf 88' lang='lat' dir='ltr'>non</span> <span class='ocrx_word' id='word_1_15' title='bbox 1286 389 1426 424; x_wconf 86' lang='lat' dir='ltr'>tamen</span> 
     </span>
     <span class='ocr_line' id='line_1_3' title="bbox 77 450 1423 508; baseline 0 -15"><span class='ocrx_word' id='word_1_16' title='bbox 77 451 197 493; x_wconf 83' lang='lat' dir='ltr'>facile</span> <span class='ocrx_word' id='word_1_17' title='bbox 218 451 409 508; x_wconf 76' lang='lat' dir='ltr'>colligas,¹</span> <span class='ocrx_word' id='word_1_18' title='bbox 435 452 513 493; x_wconf 90' lang='lat' dir='ltr'>nisi</span> <span class='ocrx_word' id='word_1_19' title='bbox 530 452 603 493; x_wconf 89' lang='lat' dir='ltr'>viri</span> <span class='ocrx_word' id='word_1_20' title='bbox 626 450 821 508; x_wconf 88' lang='lat' dir='ltr'>sapientis</span> <span class='ocrx_word' id='word_1_21' title='bbox 844 450 920 491; x_wconf 87' lang='lat' dir='ltr'>tibi</span> <span class='ocrx_word' id='word_1_22' title='bbox 946 459 1042 491; x_wconf 86' lang='lat' dir='ltr'>nota</span> <span class='ocrx_word' id='word_1_23' title='bbox 1067 450 1119 491; x_wconf 88' lang='lat' dir='ltr'>sit</span> <span class='ocrx_word' id='word_1_24' title='bbox 1140 454 1423 501; x_wconf 86' lang='lat' dir='ltr'><strong>consuetudo,</strong></span> 
     </span>
     <span class='ocr_line' id='line_1_4' title="bbox 76 519 1424 578; baseline 0.001 -17"><span class='ocrx_word' id='word_1_25' title='bbox 76 520 146 576; x_wconf 93' lang='lat' dir='ltr'>qui</span> <span class='ocrx_word' id='word_1_26' title='bbox 163 522 275 561; x_wconf 90' lang='lat' dir='ltr'>velut</span> <span class='ocrx_word' id='word_1_27' title='bbox 300 520 574 578; x_wconf 90' lang='lat' dir='ltr'>speculatrice</span> <span class='ocrx_word' id='word_1_28' title='bbox 595 521 749 562; x_wconf 85' lang='lat' dir='ltr'>virtute</span> <span class='ocrx_word' id='word_1_29' title='bbox 773 519 926 568; x_wconf 89' lang='lat' dir='ltr'>utitur,</span> <span class='ocrx_word' id='word_1_30' title='bbox 953 527 994 561; x_wconf 87' lang='lat' dir='ltr'>ct</span> <span class='ocrx_word' id='word_1_31' title='bbox 1015 519 1051 560; x_wconf 87' lang='lat' dir='ltr'>ei</span> <span class='ocrx_word' id='word_1_32' title='bbox 1073 521 1424 576; x_wconf 79' lang='lat' dir='ltr'>explorandorum</span> 
     </span>
     <span class='ocr_line' id='line_1_5' title="bbox 74 588 1424 647; baseline 0.001 -18"><span class='ocrx_word' id='word_1_33' title='bbox 74 589 336 645; x_wconf 84' lang='lat' dir='ltr'>negotiorum</span> <span class='ocrx_word' id='word_1_34' title='bbox 351 590 714 647; x_wconf 82' lang='lat' dir='ltr'>gerendorumque</span> <span class='ocrx_word' id='word_1_35' title='bbox 734 588 1049 645; x_wconf 66' lang='lat' dir='ltr'>praerogatIVam</span> <span class='ocrx_word' id='word_1_36' title='bbox 1067 590 1289 643; x_wconf 87' lang='lat' dir='ltr'>quamdam</span> <span class='ocrx_word' id='word_1_37' title='bbox 1306 590 1424 631; x_wconf 57' lang='lat' dir='ltr'>vide-</span> 
     </span>
     <span class='ocr_line' id='line_1_6' title="bbox 74 658 1420 716; baseline 0 -16"><span class='ocrx_word' id='word_1_38' title='bbox 74 666 142 700; x_wconf 89' lang='lat' dir='ltr'>tur</span> <span class='ocrx_word' id='word_1_39' title='bbox 165 659 440 700; x_wconf 75' lang='lat' dir='ltr'><strong>committere.</strong></span> <span class='ocrx_word' id='word_1_40' title='bbox 468 659 525 700; x_wconf 90' lang='lat' dir='ltr'>Ea</span> <span class='ocrx_word' id='word_1_41' title='bbox 542 673 640 716; x_wconf 84' lang='lat' dir='ltr'>ergo</span> <span class='ocrx_word' id='word_1_42' title='bbox 657 659 786 699; x_wconf 79' lang='lat' dir='ltr'>virtus</span> <span class='ocrx_word' id='word_1_43' title='bbox 803 658 1000 715; x_wconf 77' lang='lat' dir='ltr'>expendit</span> <span class='ocrx_word' id='word_1_44' title='bbox 1020 665 1204 706; x_wconf 86' lang='lat' dir='ltr'>naturas,</span> <span class='ocrx_word' id='word_1_45' title='bbox 1224 666 1269 699; x_wconf 88' lang='lat' dir='ltr'>ut</span> <span class='ocrx_word' id='word_1_46' title='bbox 1291 659 1323 700; x_wconf 92' lang='lat' dir='ltr'>si</span> <span class='ocrx_word' id='word_1_47' title='bbox 1341 675 1420 716; x_wconf 89' lang='lat' dir='ltr'>qua</span> 
     </span>
     <span class='ocr_line' id='line_1_7' title="bbox 69 723 1422 785; baseline 0.001 -16"><span class='ocrx_word' id='word_1_48' title='bbox 69 743 217 769; x_wconf 88' lang='lat' dir='ltr'>earum</span> <span class='ocrx_word' id='word_1_49' title='bbox 244 728 322 769; x_wconf 87' lang='lat' dir='ltr'>sibi</span> <span class='ocrx_word' id='word_1_50' title='bbox 347 723 511 769; x_wconf 55' lang='lat' dir='ltr'>{idean-</span> <span class='ocrx_word' id='word_1_51' title='bbox 544 728 808 769; x_wconf 73' lang='lat' dir='ltr'>committere</span> <span class='ocrx_word' id='word_1_52' title='bbox 839 728 1101 785; x_wconf 88' lang='lat' dir='ltr'>prosectum,</span> <span class='ocrx_word' id='word_1_53' title='bbox 1126 727 1162 769; x_wconf 93' lang='lat' dir='ltr'>ei</span> <span class='ocrx_word' id='word_1_54' title='bbox 1192 729 1320 785; x_wconf 78' lang='lat' dir='ltr'>possit</span> <span class='ocrx_word' id='word_1_55' title='bbox 1348 731 1422 771; x_wconf 88' lang='lat' dir='ltr'>ad—</span> 
     </span>
     <span class='ocr_line' id='line_1_8' title="bbox 71 796 1421 856; baseline 0.002 -18"><span class='ocrx_word' id='word_1_56' title='bbox 71 797 260 854; x_wconf 85' lang='lat' dir='ltr'>jungere.</span> <span class='ocrx_word' id='word_1_57' title='bbox 299 796 543 839; x_wconf 84' lang='lat' dir='ltr'>Communis</span> <span class='ocrx_word' id='word_1_58' title='bbox 571 798 683 838; x_wconf 91' lang='lat' dir='ltr'>enim</span> <span class='ocrx_word' id='word_1_59' title='bbox 705 799 895 854; x_wconf 83' lang='lat' dir='ltr'>quaedam</span> <span class='ocrx_word' id='word_1_60' title='bbox 927 806 988 840; x_wconf 88' lang='lat' dir='ltr'>est</span> <span class='ocrx_word' id='word_1_61' title='bbox 1017 798 1182 839; x_wconf 87' lang='lat' dir='ltr'>bonitas</span> <span class='ocrx_word' id='word_1_62' title='bbox 1211 799 1421 856; x_wconf 84' lang='lat' dir='ltr'>sapientiae</span> 
     </span>
     <span class='ocr_line' id='line_1_9' title="bbox 72 867 1420 925; baseline 0.001 -17"><span class='ocrx_word' id='word_1_63' title='bbox 72 874 114 908; x_wconf 88' lang='lat' dir='ltr'>et</span> <span class='ocrx_word' id='word_1_64' title='bbox 134 867 316 908; x_wconf 89' lang='lat' dir='ltr'>liberalis</span> <span class='ocrx_word' id='word_1_65' title='bbox 345 875 385 908; x_wconf 89' lang='lat' dir='ltr'>et</span> <span class='ocrx_word' id='word_1_66' title='bbox 410 869 523 924; x_wconf 79' lang='lat' dir='ltr'>larga</span> <span class='ocrx_word' id='word_1_67' title='bbox 553 867 766 916; x_wconf 79' lang='lat' dir='ltr'>utilitatis3</span> <span class='ocrx_word' id='word_1_68' title='bbox 801 868 855 909; x_wconf 89' lang='lat' dir='ltr'>ita</span> <span class='ocrx_word' id='word_1_69' title='bbox 884 876 929 909; x_wconf 95' lang='lat' dir='ltr'>ut</span> <span class='ocrx_word' id='word_1_70' title='bbox 956 883 1056 924; x_wconf 88' lang='lat' dir='ltr'>quas</span> <span class='ocrx_word' id='word_1_71' title='bbox 1085 868 1312 925; x_wconf 83' lang='lat' dir='ltr'>morigeras</span> <span class='ocrx_word' id='word_1_72' title='bbox 1342 869 1420 910; x_wconf 81' lang='lat' dir='ltr'>sibi</span> 
     </span>
     <span class='ocr_line' id='line_1_10' title="bbox 74 936 1422 994; baseline 0.001 -18"><span class='ocrx_word' id='word_1_73' title='bbox 74 936 230 984; x_wconf 87' lang='lat' dir='ltr'>cernit,</span> <span class='ocrx_word' id='word_1_74' title='bbox 258 936 433 977; x_wconf 80' lang='lat' dir='ltr'>associet</span> <span class='ocrx_word' id='word_1_75' title='bbox 454 951 462 977; x_wconf 91' lang='lat'>:</span> <span class='ocrx_word' id='word_1_76' title='bbox 486 936 559 977; x_wconf 86' lang='lat' dir='ltr'>uhi</span> <span class='ocrx_word' id='word_1_77' title='bbox 586 945 724 979; x_wconf 86' lang='lat' dir='ltr'>autem</span> <span class='ocrx_word' id='word_1_78' title='bbox 747 938 958 993; x_wconf 87' lang='lat' dir='ltr'>proposito</span> <span class='ocrx_word' id='word_1_79' title='bbox 990 952 1064 978; x_wconf 92' lang='lat' dir='ltr'>suo</span> <span class='ocrx_word' id='word_1_80' title='bbox 1087 938 1238 979; x_wconf 65' lang='lat' dir='ltr'>viderit</span> <span class='ocrx_word' id='word_1_81' title='bbox 1259 938 1422 994; x_wconf 88' lang='lat' dir='ltr'>aliquo-</span> 
     </span>
     <span class='ocr_line' id='line_1_11' title="bbox 75 1002 1422 1064; baseline 0.002 -19"><span class='ocrx_word' id='word_1_82' title='bbox 75 1020 171 1045; x_wconf 92' lang='lat' dir='ltr'>rum</span> <span class='ocrx_word' id='word_1_83' title='bbox 202 1005 470 1047; x_wconf 76' lang='lat' dir='ltr'>recalcitrare</span> <span class='ocrx_word' id='word_1_84' title='bbox 496 1002 710 1054; x_wconf 86' lang='lat' dir='ltr'>naturam,</span> <span class='ocrx_word' id='word_1_85' title='bbox 739 1008 852 1057; x_wconf 60' lang='lat' dir='ltr'>velut</span> <span class='ocrx_word' id='word_1_86' title='bbox 884 1008 945 1048; x_wconf 90' lang='lat' dir='ltr'>ad·</span> <span class='ocrx_word' id='word_1_87' title='bbox 962 1006 1190 1064; x_wconf 88' lang='lat' dir='ltr'>hospitium</span> <span class='ocrx_word' id='word_1_88' title='bbox 1220 1007 1422 1050; x_wconf 81' lang='lat' dir='ltr'>familiare</span> 
     </span>
     <span class='ocr_line' id='line_1_12' title="bbox 72 1074 1421 1133; baseline 0.001 -16"><span class='ocrx_word' id='word_1_89' title='bbox 72 1074 150 1117; x_wconf 87' lang='lat' dir='ltr'>sibi</span> <span class='ocrx_word' id='word_1_90' title='bbox 178 1077 335 1117; x_wconf 77' lang='lat' dir='ltr'>revolat</span> <span class='ocrx_word' id='word_1_91' title='bbox 357 1083 397 1116; x_wconf 88' lang='lat' dir='ltr'>et</span> <span class='ocrx_word' id='word_1_92' title='bbox 425 1076 628 1123; x_wconf 83' lang='lat' dir='ltr'>recurrit,</span> <span class='ocrx_word' id='word_1_93' title='bbox 653 1091 779 1131; x_wconf 87' lang='lat' dir='ltr'>quam</span> <span class='ocrx_word' id='word_1_94' title='bbox 811 1076 973 1133; x_wconf 84' lang='lat' dir='ltr'>sapiens</span> <span class='ocrx_word' id='word_1_95' title='bbox 999 1085 1041 1118; x_wconf 89' lang='lat' dir='ltr'>et</span> <span class='ocrx_word' id='word_1_96' title='bbox 1069 1077 1296 1118; x_wconf 89' lang='lat' dir='ltr'>industrius</span> <span class='ocrx_word' id='word_1_97' title='bbox 1328 1085 1421 1118; x_wconf 80' lang='lat' dir='ltr'>tan-</span> 
     </span>
     <span class='ocr_line' id='line_1_13' title="bbox 72 1145 1421 1202; baseline 0.001 -17"><span class='ocrx_word' id='word_1_98' title='bbox 72 1160 196 1201; x_wconf 85' lang='lat' dir='ltr'>quam</span> <span class='ocrx_word' id='word_1_99' title='bbox 218 1160 347 1186; x_wconf 87' lang='lat' dir='ltr'>manu</span> <span class='ocrx_word' id='word_1_100' title='bbox 377 1147 556 1201; x_wconf 78' lang='lat' dir='ltr'>quadam</span> <span class='ocrx_word' id='word_1_101' title='bbox 583 1146 734 1187; x_wconf 84' lang='lat' dir='ltr'>mentis</span> <span class='ocrx_word' id='word_1_102' title='bbox 755 1145 920 1187; x_wconf 74' lang='lat' dir='ltr'>festinat</span> <span class='ocrx_word' id='word_1_103' title='bbox 950 1145 1165 1202; x_wconf 88' lang='lat' dir='ltr'>excipere,</span> <span class='ocrx_word' id='word_1_104' title='bbox 1194 1161 1319 1187; x_wconf 89' lang='lat' dir='ltr'>omne</span> <span class='ocrx_word' id='word_1_105' title='bbox 1348 1161 1421 1188; x_wconf 91' lang='lat' dir='ltr'>cor</span> 
     </span>
     <span class='ocr_line' id='line_1_14' title="bbox 69 1216 1419 1273; baseline 0.002 -16"><span class='ocrx_word' id='word_1_106' title='bbox 69 1216 256 1273; x_wconf 86' lang='lat' dir='ltr'>aperiens</span> <span class='ocrx_word' id='word_1_107' title='bbox 280 1231 402 1257; x_wconf 90' lang='lat' dir='ltr'>suum</span> <span class='ocrx_word' id='word_1_108' title='bbox 423 1231 505 1271; x_wconf 89' lang='lat' dir='ltr'>quo</span> <span class='ocrx_word' id='word_1_109' title='bbox 519 1216 644 1257; x_wconf 89' lang='lat' dir='ltr'>etiam</span> <span class='ocrx_word' id='word_1_110' title='bbox 661 1231 753 1257; x_wconf 90' lang='lat' dir='ltr'>eam</span> <span class='ocrx_word' id='word_1_111' title='bbox 766 1217 982 1258; x_wconf 77' lang='lat' dir='ltr'>absentem</span> <span class='ocrx_word' id='word_1_112' title='bbox 995 1217 1174 1258; x_wconf 81' lang='lat' dir='ltr'>tenebat.</span> <span class='ocrx_word' id='word_1_113' title='bbox 1195 1217 1419 1273; x_wconf 79' lang='lat' dir='ltr'>Nunquam</span> 
     </span>
     <span class='ocr_line' id='line_1_15' title="bbox 71 1285 1184 1343; baseline 0.001 -17"><span class='ocrx_word' id='word_1_114' title='bbox 71 1285 183 1326; x_wconf 90' lang='lat' dir='ltr'>enim</span> <span class='ocrx_word' id='word_1_115' title='bbox 211 1293 349 1343; x_wconf 87' lang='lat' dir='ltr'>potest</span> <span class='ocrx_word' id='word_1_116' title='bbox 366 1286 525 1342; x_wconf 78' lang='lat' dir='ltr'>sapiens</span> <span class='ocrx_word' id='word_1_117' title='bbox 547 1301 686 1327; x_wconf 86' lang='lat' dir='ltr'>exsors</span> <span class='ocrx_word' id='word_1_118' title='bbox 707 1287 990 1343; x_wconf 83' lang='lat' dir='ltr'>essepropriae</span> <span class='ocrx_word' id='word_1_119' title='bbox 1008 1286 1184 1328; x_wconf 72' lang='lat' dir='ltr'>virtutis.</span> 
     </span>
    </p>

    <p class='ocr_par' dir='ltr' id='par_1_3' title="bbox 4 1354 1420 1763">
     <span class='ocr_line' id='line_1_16' title="bbox 72 1354 1419 1413; baseline 0.001 -16"><span class='ocrx_word' id='word_1_120' title='bbox 72 1354 74 1357; x_wconf 58' lang='grc'>’</span> <span class='ocrx_word' id='word_1_121' title='bbox 127 1355 274 1398; x_wconf 77' lang='lat' dir='ltr'>LXVI.</span> <span class='ocrx_word' id='word_1_122' title='bbox 313 1356 638 1412; x_wconf 78' lang='lat' dir='ltr'>Quidpraeterea</span> <span class='ocrx_word' id='word_1_123' title='bbox 660 1356 738 1397; x_wconf 77' lang='lat' dir='ltr'>sibi</span> <span class='ocrx_word' id='word_1_124' title='bbox 759 1357 855 1398; x_wconf 73' lang='lat' dir='ltr'>velit</span> <span class='ocrx_word' id='word_1_125' title='bbox 873 1358 987 1412; x_wconf 86' lang='lat' dir='ltr'>quod</span> <span class='ocrx_word' id='word_1_126' title='bbox 1005 1357 1138 1397; x_wconf 89' lang='lat' dir='ltr'>tenuit</span> <span class='ocrx_word' id='word_1_127' title='bbox 1159 1364 1318 1413; x_wconf 86' lang='lat' dir='ltr'>septem</span> <span class='ocrx_word' id='word_1_128' title='bbox 1337 1357 1419 1399; x_wconf 83' lang='lat' dir='ltr'>die-</span> 
     </span>
     <span class='ocr_line' id='line_1_17' title="bbox 67 1424 1417 1473; baseline 0.003 -8"><span class='ocrx_word' id='word_1_129' title='bbox 67 1424 145 1471; x_wconf 85' lang='lat' dir='ltr'>bus</span> <span class='ocrx_word' id='word_1_130' title='bbox 163 1424 252 1466; x_wconf 90' lang='lat' dir='ltr'>aliis</span> <span class='ocrx_word' id='word_1_131' title='bbox 276 1426 515 1467; x_wconf 85' lang='lat' dir='ltr'>columbam</span> <span class='ocrx_word' id='word_1_132' title='bbox 529 1458 540 1473; x_wconf 93' lang='lat'>,</span> <span class='ocrx_word' id='word_1_133' title='bbox 564 1434 605 1467; x_wconf 89' lang='lat' dir='ltr'>et</span> <span class='ocrx_word' id='word_1_134' title='bbox 628 1425 778 1467; x_wconf 89' lang='lat' dir='ltr'>iterum</span> <span class='ocrx_word' id='word_1_135' title='bbox 793 1426 929 1467; x_wconf 82' lang='lat' dir='ltr'>emisit</span> <span class='ocrx_word' id='word_1_136' title='bbox 945 1441 1061 1473; x_wconf 90' lang='lat' dir='ltr'>eam;</span> <span class='ocrx_word' id='word_1_137' title='bbox 1081 1426 1160 1467; x_wconf 87' lang='lat' dir='ltr'>nisi</span> <span class='ocrx_word' id='word_1_138' title='bbox 1172 1434 1217 1467; x_wconf 92' lang='lat' dir='ltr'>ut</span> <span class='ocrx_word' id='word_1_139' title='bbox 1229 1428 1417 1469; x_wconf 82' lang='lat' dir='ltr'>advertas</span> 
     </span>
     <span class='ocr_line' id='line_1_18' title="bbox 4 1495 1420 1554; baseline 0.003 -19"><span class='ocrx_word' id='word_1_140' title='bbox 4 1543 10 1554; x_wconf 39' lang='grc'>1</span> <span class='ocrx_word' id='word_1_141' title='bbox 66 1496 180 1550; x_wconf 89' lang='lat' dir='ltr'>quod</span> <span class='ocrx_word' id='word_1_142' title='bbox 211 1495 372 1536; x_wconf 84' lang='lat' dir='ltr'>boumn</span> <span class='ocrx_word' id='word_1_143' title='bbox 401 1496 596 1552; x_wconf 82' lang='lat' dir='ltr'>sapientis</span> <span class='ocrx_word' id='word_1_144' title='bbox 613 1529 623 1544; x_wconf 95' lang='lat'>,</span> <span class='ocrx_word' id='word_1_145' title='bbox 647 1496 937 1553; x_wconf 88' lang='lat' dir='ltr'>optimumque</span> <span class='ocrx_word' id='word_1_146' title='bbox 964 1495 1227 1552; x_wconf 87' lang='lat' dir='ltr'>propositum</span> <span class='ocrx_word' id='word_1_147' title='bbox 1255 1512 1420 1554; x_wconf 87' lang='lat' dir='ltr'>semper</span> 
     </span>
     <span class='ocr_line' id='line_1_19' title="bbox 67 1565 1418 1623; baseline 0.003 -18"><span class='ocrx_word' id='word_1_148' title='bbox 67 1565 145 1605; x_wconf 90' lang='lat' dir='ltr'>sibi</span> <span class='ocrx_word' id='word_1_149' title='bbox 162 1565 289 1607; x_wconf 87' lang='lat' dir='ltr'>etiam</span> <span class='ocrx_word' id='word_1_150' title='bbox 308 1566 406 1607; x_wconf 87' lang='lat' dir='ltr'>alios</span> <span class='ocrx_word' id='word_1_151' title='bbox 430 1566 657 1623; x_wconf 80' lang='lat' dir='ltr'>adjungere</span> <span class='ocrx_word' id='word_1_152' title='bbox 674 1568 828 1613; x_wconf 82' lang='lat' dir='ltr'>studet,</span> <span class='ocrx_word' id='word_1_153' title='bbox 853 1574 1038 1607; x_wconf 85' lang='lat' dir='ltr'>errantes</span> <span class='ocrx_word' id='word_1_154' title='bbox 1057 1565 1298 1616; x_wconf 60' lang='lat' dir='ltr'>emendare,</span> <span class='ocrx_word' id='word_1_155' title='bbox 1322 1583 1418 1609; x_wconf 89' lang='lat' dir='ltr'>cor-</span> 
     </span>
     <span class='ocr_line' id='line_1_20' title="bbox 65 1634 1415 1693; baseline 0.004 -19"><span class='ocrx_word' id='word_1_156' title='bbox 65 1634 199 1691; x_wconf 82' lang='lat' dir='ltr'>rigere</span> <span class='ocrx_word' id='word_1_157' title='bbox 218 1636 501 1692; x_wconf 70' lang='lat' dir='ltr'>vagantes?Si</span> <span class='ocrx_word' id='word_1_158' title='bbox 519 1651 643 1692; x_wconf 85' lang='lat' dir='ltr'>quem</span> <span class='ocrx_word' id='word_1_159' title='bbox 666 1637 707 1677; x_wconf 90' lang='lat' dir='ltr'>in</span> <span class='ocrx_word' id='word_1_160' title='bbox 729 1636 934 1693; x_wconf 87' lang='lat' dir='ltr'>principio</span> <span class='ocrx_word' id='word_1_161' title='bbox 958 1636 1116 1677; x_wconf 87' lang='lat' dir='ltr'>resilire</span> <span class='ocrx_word' id='word_1_162' title='bbox 1139 1637 1415 1693; x_wconf 79' lang='lat' dir='ltr'>conspexerit,</span> 
     </span>
     <span class='ocr_line' id='line_1_21' title="bbox 68 1706 1393 1763; baseline 0.002 -18"><span class='ocrx_word' id='word_1_163' title='bbox 68 1712 210 1746; x_wconf 87' lang='lat' dir='ltr'>tamen</span> <span class='ocrx_word' id='word_1_164' title='bbox 233 1707 522 1747; x_wconf 84' lang='lat' dir='ltr'>commutandi</span> <span class='ocrx_word' id='word_1_165' title='bbox 545 1706 635 1762; x_wconf 77' lang='lat' dir='ltr'>ejus</span> <span class='ocrx_word' id='word_1_166' title='bbox 665 1715 705 1747; x_wconf 85' lang='lat' dir='ltr'>et.</span> <span class='ocrx_word' id='word_1_167' title='bbox 728 1706 962 1762; x_wconf 65' lang='lat' dir='ltr'>corrigendi</span> <span class='ocrx_word' id='word_1_168' title='bbox 991 1721 1076 1747; x_wconf 85' lang='lat' dir='ltr'>non</span> <span class='ocrx_word' id='word_1_169' title='bbox 1104 1708 1296 1762; x_wconf 83' lang='lat' dir='ltr'>desperet</span> <span class='ocrx_word' id='word_1_170' title='bbox 1317 1722 1393 1763; x_wconf 89' lang='lat' dir='ltr'>pro</span> 
     </span>
    </p>

    <p class='ocr_par' dir='ltr' id='par_1_4' title="bbox 32 1773 1417 2531">
     <span class='ocr_line' id='line_1_22' title="bbox 65 1773 1417 1832; baseline 0.002 -18"><span class='ocrx_word' id='word_1_171' title='bbox 65 1773 239 1815; x_wconf 88' lang='lat' dir='ltr'>fectum.</span> <span class='ocrx_word' id='word_1_172' title='bbox 269 1775 386 1827; x_wconf 88' lang='lat' dir='ltr'>Sicut</span> <span class='ocrx_word' id='word_1_173' title='bbox 408 1775 520 1816; x_wconf 85' lang='lat' dir='ltr'>enim</span> <span class='ocrx_word' id='word_1_174' title='bbox 537 1777 671 1817; x_wconf 85' lang='lat' dir='ltr'>bonus</span> <span class='ocrx_word' id='word_1_175' title='bbox 685 1776 889 1824; x_wconf 85' lang='lat' dir='ltr'>medicus,</span> <span class='ocrx_word' id='word_1_176' title='bbox 910 1775 984 1816; x_wconf 88' lang='lat' dir='ltr'>etsi</span> <span class='ocrx_word' id='word_1_177' title='bbox 1008 1784 1173 1832; x_wconf 88' lang='lat' dir='ltr'>tempus</span> <span class='ocrx_word' id='word_1_178' title='bbox 1200 1776 1417 1817; x_wconf 81' lang='lat' dir='ltr'>mediciuae</span> 
     </span>
     <span class='ocr_line' id='line_1_23' title="bbox 65 1845 1416 1903; baseline 0.002 -19"><span class='ocrx_word' id='word_1_179' title='bbox 65 1859 150 1884; x_wconf 90' lang='lat' dir='ltr'>non</span> <span class='ocrx_word' id='word_1_180' title='bbox 167 1845 234 1893; x_wconf 91' lang='lat' dir='ltr'>sit,</span> <span class='ocrx_word' id='word_1_181' title='bbox 255 1853 394 1886; x_wconf 87' lang='lat' dir='ltr'>tamen</span> <span class='ocrx_word' id='word_1_182' title='bbox 409 1846 651 1887; x_wconf 81' lang='lat' dir='ltr'>visitationis</span> <span class='ocrx_word' id='word_1_183' title='bbox 670 1848 882 1903; x_wconf 85' lang='lat' dir='ltr'>speculam</span> <span class='ocrx_word' id='word_1_184' title='bbox 899 1853 994 1886; x_wconf 86' lang='lat' dir='ltr'>ante</span> <span class='ocrx_word' id='word_1_185' title='bbox 1011 1846 1249 1901; x_wconf 77' lang='lat' dir='ltr'>praemittit;</span> <span class='ocrx_word' id='word_1_186' title='bbox 1267 1846 1416 1887; x_wconf 89' lang='lat' dir='ltr'>deinde</span> 
     </span>
     <span class='ocr_line' id='line_1_24' title="bbox 64 1915 1417 1973; baseline 0.002 -20"><span class='ocrx_word' id='word_1_187' title='bbox 64 1928 149 1954; x_wconf 89' lang='lat' dir='ltr'>non</span> <span class='ocrx_word' id='word_1_188' title='bbox 186 1915 357 1971; x_wconf 78' lang='lat' dir='ltr'>negligit</span> <span class='ocrx_word' id='word_1_189' title='bbox 386 1915 505 1971; x_wconf 80' lang='lat' dir='ltr'>justae</span> <span class='ocrx_word' id='word_1_190' title='bbox 543 1916 840 1973; x_wconf 81' lang='lat' dir='ltr'>expectationis</span> <span class='ocrx_word' id='word_1_191' title='bbox 878 1915 1097 1963; x_wconf 78' lang='lat' dir='ltr'>excubias,</span> <span class='ocrx_word' id='word_1_192' title='bbox 1134 1923 1175 1956; x_wconf 88' lang='lat' dir='ltr'>et</span> <span class='ocrx_word' id='word_1_193' title='bbox 1206 1916 1417 1973; x_wconf 83' lang='lat' dir='ltr'>paulisper</span> 
     </span>
     <span class='ocr_line' id='line_1_25' title="bbox 63 1983 1414 2042; baseline 0.002 -18"><span class='ocrx_word' id='word_1_194' title='bbox 63 1983 325 2040; x_wconf 82' lang='lat' dir='ltr'>passionibus</span> <span class='ocrx_word' id='word_1_195' title='bbox 350 1987 529 2034; x_wconf 88' lang='lat' dir='ltr'>cedens,</span> <span class='ocrx_word' id='word_1_196' title='bbox 559 1985 1039 2042; x_wconf 53' lang='lat' dir='ltr'>opperitur*facultatem</span> <span class='ocrx_word' id='word_1_197' title='bbox 1072 1986 1292 2033; x_wconf 85' lang='lat' dir='ltr'>medendi,</span> <span class='ocrx_word' id='word_1_198' title='bbox 1323 2001 1414 2041; x_wconf 78' lang='lat' dir='ltr'>quae</span> 
     </span>
     <span class='ocr_line' id='line_1_26' title="bbox 66 2054 1413 2111; baseline 0.001 -18"><span class='ocrx_word' id='word_1_199' title='bbox 66 2069 162 2094; x_wconf 90' lang='lat' dir='ltr'>cum</span> <span class='ocrx_word' id='word_1_200' title='bbox 183 2054 309 2096; x_wconf 87' lang='lat' dir='ltr'>suerit</span> <span class='ocrx_word' id='word_1_201' title='bbox 331 2056 486 2104; x_wconf 87' lang='lat' dir='ltr'>oblata,</span> <span class='ocrx_word' id='word_1_202' title='bbox 506 2072 628 2097; x_wconf 87' lang='lat' dir='ltr'>suum</span> <span class='ocrx_word' id='word_1_203' title='bbox 650 2071 733 2097; x_wconf 88' lang='lat' dir='ltr'>non</span> <span class='ocrx_word' id='word_1_204' title='bbox 752 2055 991 2109; x_wconf 83' lang='lat' dir='ltr'>intermittit</span> <span class='ocrx_word' id='word_1_205' title='bbox 1008 2055 1193 2096; x_wconf 83' lang='lat' dir='ltr'>officium</span> <span class='ocrx_word' id='word_1_206' title='bbox 1215 2070 1223 2095; x_wconf 91' lang='lat'>:</span> <span class='ocrx_word' id='word_1_207' title='bbox 1244 2055 1298 2096; x_wconf 92' lang='lat' dir='ltr'>ita</span> <span class='ocrx_word' id='word_1_208' title='bbox 1315 2070 1413 2111; x_wconf 83' lang='lat' dir='ltr'>ergo</span> 
     </span>
     <span class='ocr_line' id='line_1_27' title="bbox 63 2114 1415 2183; baseline -0.001 -18"><span class='ocrx_word' id='word_1_209' title='bbox 63 2132 105 2166; x_wconf 89' lang='lat' dir='ltr'>et</span> <span class='ocrx_word' id='word_1_210' title='bbox 140 2114 301 2182; x_wconf 77' lang='lat' dir='ltr'>sapiens</span> <span class='ocrx_word' id='word_1_211' title='bbox 341 2126 476 2167; x_wconf 67' lang='lat' dir='ltr'>verbis</span> <span class='ocrx_word' id='word_1_212' title='bbox 517 2142 564 2168; x_wconf 86' lang='lat' dir='ltr'>ac</span> <span class='ocrx_word' id='word_1_213' title='bbox 607 2125 957 2183; x_wconf 81' lang='lat' dir='ltr'>disputationibus</span> <span class='ocrx_word' id='word_1_214' title='bbox 993 2134 1193 2180; x_wconf 81' lang='lat' dir='ltr'>tanquam</span> <span class='ocrx_word' id='word_1_215' title='bbox 1227 2124 1415 2165; x_wconf 87' lang='lat' dir='ltr'>medicus</span> 
     </span>
     <span class='ocr_line' id='line_1_28' title="bbox 61 2193 1414 2250; baseline -0.001 -14"><span class='ocrx_word' id='word_1_216' title='bbox 61 2195 404 2244; x_wconf 83' lang='lat' dir='ltr'>medicamentIs,</span> <span class='ocrx_word' id='word_1_217' title='bbox 437 2197 662 2238; x_wconf 85' lang='lat' dir='ltr'>contrarias</span> <span class='ocrx_word' id='word_1_218' title='bbox 694 2211 841 2236; x_wconf 83' lang='lat' dir='ltr'>curare</span> <span class='ocrx_word' id='word_1_219' title='bbox 872 2194 1078 2236; x_wconf 85' lang='lat' dir='ltr'>desiderat</span> <span class='ocrx_word' id='word_1_220' title='bbox 1106 2193 1329 2250; x_wconf 84' lang='lat' dir='ltr'>passiones.</span> <span class='ocrx_word' id='word_1_221' title='bbox 1361 2194 1414 2235; x_wconf 84' lang='lat' dir='ltr'>Et</span> 
     </span>
     <span class='ocr_line' id='line_1_29' title="bbox 32 2263 1410 2319; baseline -0.002 -13"><span class='ocrx_word' id='word_1_222' title='bbox 32 2301 37 2306; x_wconf 94' lang='grc'><em>,</em></span> <span class='ocrx_word' id='word_1_223' title='bbox 62 2265 159 2319; x_wconf 87' lang='lat' dir='ltr'>quia</span> <span class='ocrx_word' id='word_1_224' title='bbox 182 2265 224 2305; x_wconf 92' lang='lat' dir='ltr'>in</span> <span class='ocrx_word' id='word_1_225' title='bbox 241 2266 435 2306; x_wconf 87' lang='lat' dir='ltr'>omnibus</span> <span class='ocrx_word' id='word_1_226' title='bbox 458 2266 644 2306; x_wconf 87' lang='lat' dir='ltr'>remedio</span> <span class='ocrx_word' id='word_1_227' title='bbox 664 2265 789 2306; x_wconf 62' lang='lat' dir='ltr'>divini</span> <span class='ocrx_word' id='word_1_228' title='bbox 809 2264 956 2305; x_wconf 75' lang='lat' dir='ltr'>favoris</span> <span class='ocrx_word' id='word_1_229' title='bbox 977 2265 1182 2312; x_wconf 87' lang='lat' dir='ltr'>utendum</span> <span class='ocrx_word' id='word_1_230' title='bbox 1206 2271 1291 2311; x_wconf 82' lang='lat' dir='ltr'>est3</span> <span class='ocrx_word' id='word_1_231' title='bbox 1317 2263 1410 2304; x_wconf 90' lang='lat' dir='ltr'>ideo</span> 
     </span>
     <span class='ocr_line' id='line_1_30' title="bbox 64 2332 1412 2391; baseline -0.001 -17"><span class='ocrx_word' id='word_1_232' title='bbox 64 2342 222 2391; x_wconf 89' lang='lat' dir='ltr'>septem</span> <span class='ocrx_word' id='word_1_233' title='bbox 243 2335 475 2391; x_wconf 75' lang='lat' dir='ltr'>expectavit</span> <span class='ocrx_word' id='word_1_234' title='bbox 502 2336 587 2376; x_wconf 84' lang='lat' dir='ltr'>dies</span> <span class='ocrx_word' id='word_1_235' title='bbox 619 2336 769 2391; x_wconf 84' lang='lat' dir='ltr'>quibus</span> <span class='ocrx_word' id='word_1_236' title='bbox 795 2335 977 2375; x_wconf 89' lang='lat' dir='ltr'>mundus</span> <span class='ocrx_word' id='word_1_237' title='bbox 1003 2333 1137 2374; x_wconf 89' lang='lat' dir='ltr'>omnis</span> <span class='ocrx_word' id='word_1_238' title='bbox 1161 2332 1412 2373; x_wconf 85' lang='lat' dir='ltr'>describitur</span> 
     </span>
     <span class='ocr_line' id='line_1_31' title="bbox 63 2401 1409 2461; baseline -0.002 -16"><span class='ocrx_word' id='word_1_239' title='bbox 63 2405 303 2454; x_wconf 85' lang='lat' dir='ltr'>absolutus,</span> <span class='ocrx_word' id='word_1_240' title='bbox 339 2413 381 2446; x_wconf 92' lang='lat' dir='ltr'>et</span> <span class='ocrx_word' id='word_1_241' title='bbox 413 2405 621 2461; x_wconf 86' lang='lat' dir='ltr'>operatori</span> <span class='ocrx_word' id='word_1_242' title='bbox 654 2405 817 2460; x_wconf 86' lang='lat' dir='ltr'>requies</span> <span class='ocrx_word' id='word_1_243' title='bbox 848 2402 1108 2445; x_wconf 82' lang='lat' dir='ltr'>ministrata1</span> <span class='ocrx_word' id='word_1_244' title='bbox 1138 2419 1149 2449; x_wconf 78' lang='lat'>3</span> <span class='ocrx_word' id='word_1_245' title='bbox 1180 2409 1226 2442; x_wconf 90' lang='lat' dir='ltr'>ut</span> <span class='ocrx_word' id='word_1_246' title='bbox 1257 2416 1307 2442; x_wconf 81' lang='lat' dir='ltr'>ex</span> <span class='ocrx_word' id='word_1_247' title='bbox 1341 2401 1409 2442; x_wconf 88' lang='lat' dir='ltr'>illo</span> 
     </span>
     <span class='ocr_line' id='line_1_32' title="bbox 64 2471 1404 2531; baseline -0.001 -16"><span class='ocrx_word' id='word_1_248' title='bbox 64 2478 234 2517; x_wconf 86' lang='lat' dir='ltr'>auctore</span> <span class='ocrx_word' id='word_1_249' title='bbox 253 2475 440 2518; x_wconf 88' lang='lat' dir='ltr'>omnium</span> <span class='ocrx_word' id='word_1_250' title='bbox 453 2483 689 2519; x_wconf 85' lang='lat' dir='ltr'>sumeretur</span> <span class='ocrx_word' id='word_1_251' title='bbox 702 2474 918 2531; x_wconf 86' lang='lat' dir='ltr'>disciplina</span> <span class='ocrx_word' id='word_1_252' title='bbox 931 2471 1181 2530; x_wconf 83' lang='lat' dir='ltr'>operationis</span> <span class='ocrx_word' id='word_1_253' title='bbox 1198 2471 1404 2517; x_wconf 82' lang='lat' dir='ltr'>humanae.</span> 
     </span>
    </p>
   </div>
   <div class='ocr_carea' id='block_1_3' title="bbox 108 2572 326 2610">
    <p class='ocr_par' dir='ltr' id='par_1_5' title="bbox 108 2572 326 2610">
     <span class='ocr_line' id='line_1_33' title="bbox 108 2572 326 2610; baseline 0 -5"><span class='ocrx_word' id='word_1_254' title='bbox 108 2582 118 2596; x_wconf 86' lang='lat'><em>¹</em></span> <span class='ocrx_word' id='word_1_255' title='bbox 140 2572 224 2605; x_wconf 88' lang='lat' dir='ltr'>Gen.</span> <span class='ocrx_word' id='word_1_256' title='bbox 242 2584 279 2610; x_wconf 81' lang='grc' dir='ltr'>ιι,</span> <span class='ocrx_word' id='word_1_257' title='bbox 297 2584 326 2605; x_wconf 81' lang='lat'>2.</span> 
     </span>
    </p>
   </div>
  </div>
 </body>
</html>
