1742 3233
447 293 499 325 nn
530 295 743 325 ΡΑΒ-Αιηεο.ζ
780 293 899 324 unsa
930 289 1045 322 mws.
1345 279 1427 328 2‘85

81 378 194 421 vium
208 364 392 434 legitima
409 375 545 433 primo
563 373 824 417 observantia
839 373 1064 415 constituta
1082 378 1144 414 est
1163 389 1174 422 ς
1194 374 1288 430 quia
1306 378 1431 435 signi-

82 448 182 490 ficat
197 461 351 488 nomen
366 445 446 487 hoc
457 447 680 502 quemdam
695 453 814 485 terrae
830 444 1002 486 hiatum.
1023 442 1273 500 Sicutigitur
1283 454 1434 491 terram

82 526 124 560 et
154 531 431 574 quaecumque
460 517 525 557 vel
556 521 831 572 purgamenta
864 514 929 554 vel
958 512 1125 553 frondes
1161 513 1200 554 in
1232 530 1279 556 ea
1307 526 1403 559 sunt
1422 553 1432 568 ,

83 588 219 630 hiatus
258 586 453 628 absorbet
482 600 490 626 :
526 585 580 626 ita
613 583 779 625 castitas
813 598 959 624 omues
1003 583 1189 639 corporis
1225 587 1435 641 passiones

85 662 251 702 abolere
297 657 524 700 consuevit.
567 656 798 710 Meritoque
843 654 899 695 ibi
942 654 1125 711 primum
1169 656 1440 702 observ-antico

87 728 342 777 constitutio,
370 727 465 784 quia
492 741 566 783 per
582 727 717 782 legem
741 724 989 765 absorbetur
1012 727 1177 767 carnale
1198 738 1434 784 peccatum.

84 800 199 841 Bene
227 812 325 854 ergo
351 796 494 844 Geon,
523 795 564 836 in
591 809 673 850 quo
700 793 833 851 figura
868 801 931 835 est
956 794 1181 845 castitatis,
1217 797 1441 842 circumire

89 878 240 911 terram
262 867 525 924 aethiopicam
545 864 725 912 dicitur3
746 872 794 905 ut
816 864 959 906 abluat
982 879 1135 921 corpus
1154 866 1387 922 abjectum,
1401 879 1442 912 et

86 940 222 982 earnis
235 938 442 981 vilissimae
465 937 694 993 restinguat
716 935 973 977 incendium.
1003 935 1215 993 AEthiopia
1237 939 1349 980 enim
1372 941 1443 982 ab·

88 1010 196 1066 jecta
227 1016 269 1051 et
290 1008 379 1049 vilis
402 1007 529 1049 latina
559 1005 901 1062 interpretatione
926 1004 1127 1060 signatur.
1163 1005 1276 1057 Quid
1301 1017 1441 1052 autem

90 1078 294 1136 abjectius
310 1085 453 1119 nostro
468 1075 674 1132 corpore?
691 1074 806 1126 Quid
822 1081 907 1115 tam
922 1074 1143 1131 AEthiopiae
1162 1075 1311 1127 simile,
1331 1082 1445 1136 quod

88 1149 214 1190 etiam
233 1148 397 1205 nigrum
421 1154 483 1188 est
499 1144 748 1202 quibusdam
770 1142 955 1185 tenebris
972 1151 1249 1200 peecatorum
1266 1145 1284 1187 Ρ

148 1216 282 1260 XVII.
320 1215 485 1258 Tertius
506 1223 568 1257 est
588 1213 739 1256 fluvius
762 1212 911 1270 Tigris,
933 1212 1005 1269 qui
1028 1214 1139 1256 vadit
1158 1224 1303 1258 contra
1321 1217 1449 1276 Assy-

91 1288 189 1337 rios,
215 1285 411 1343 ad'quem
433 1284 726 1343 praevaricator
747 1284 875 1325 Israel
893 1283 1080 1340 captivus
1098 1293 1160 1327 est
1183 1287 1345 1330 ductus.
1369 1289 1446 1331 Hic

91 1357 242 1399 fluvius
274 1356 426 1398 dicitur
447 1355 630 1398 velocior
655 1369 744 1396 esse
771 1354 988 1402 omnibus,
1015 1369 1141 1410 quem
1163 1355 1354 1400 incolunt
1377 1359 1450 1401 As-

94 1427 208 1485 syrii,
233 1426 314 1468 hoe
325 1433 402 1473 est,
419 1425 665 1482 dirigentes3
680 1424 761 1466 hoe
784 1424 897 1465 enim
918 1423 1124 1480 significat
1143 1425 1444 1484 interpretatio,

94 1498 203 1554 Ergo
227 1496 484 1553 quicumque
507 1493 751 1536 fortitudine
780 1491 905 1534 animi
924 1494 1237 1549 przevaricantia
1264 1498 1450 1554 corporis

94 1566 190 1608 vitia
214 1563 482 1623 captivaverit
505 1564 684 1620 dirigens
709 1563 761 1604 ad
784 1578 987 1619 superna,
1018 1562 1093 1605 iste
1114 1564 1241 1621 liujus
1266 1566 1451 1610 fluminis

97 1635 240 1678 similis
256 1635 497 1677 aestimatur.
520 1633 573 1674 Et
590 1633 683 1674 ideo
697 1632 823 1674 etiam
836 1631 1037 1674 fortitudo
1060 1634 1110 1675 de
1128 1634 1215 1683 illo,
1239 1636 1309 1691 qui
1327 1644 1389 1678 est
1412 1638 1451 1679 in

96 1706 308 1764 paradiso,
340 1705 454 1746 fonte
480 1712 660 1745 emanat.
691 1703 912 1745 Fortitudo
945 1711 1084 1745 autem
1115 1706 1297 1760 quodam
1327 1722 1452 1749 cursu

97 1777 243 1835 rapido
261 1774 492 1818 resistentia
505 1789 681 1831 quaeque
699 1774 1022 1823 transverberat,
1042 1789 1119 1816 nec
1138 1776 1344 1832 aliquibus
1362 1792 1454 1819 cur-

101 1863 169 1889 sus
191 1846 281 1903 ejus
303 1845 704 1903 impedimentorum
728 1844 859 1886 haeret
875 1844 1114 1888 obstaculis.

156 1915 309 1959 XVIII.
349 1915 534 1966 Quartus
563 1922 625 1956 est
649 1913 801 1955 ssuvius
831 1914 1092 1970 Euphrates,
1119 1916 1190 1972 qui
1219 1917 1347 1960 latine
1376 1920 1454 1961 soe—

101 1987 292 2029 cunditas
322 1994 445 2042 atque
474 1985 727 2027 abundantia
756 1985 971 2027 fructuum
998 1996 1290 2045 nuncupatur,
1316 1991 1461 2047 praefe-

101 2073 197 2100 rens
212 2058 424 2113 quoddam
442 2055 602 2113 insigne
618 2055 803 2112 justitiae‚
819 2071 909 2112 quae
923 2071 1091 2099 omnem
1108 2059 1242 2115 pascit
1258 2060 1454 2104 animam.

102 2126 223 2181 Nulla
248 2126 360 2167 enim
382 2125 705 2180 abundantiores
735 2126 901 2168 videtur
932 2126 1093 2169 fructus
1116 2128 1273 2170 habore
1299 2129 1429 2171 virtus
1450 2164 1460 2179 ‚

92 2211 228 2253 'quam
256 2196 427 2252 aequitas
457 2204 579 2252 atque
604 2195 761 2252 justitia
781 2228 792 2245 ‚
822 2211 915 2252 quae
949 2197 1080 2254 magis
1109 2198 1196 2240 aliis
1229 2214 1354 2255 quam
1385 2200 1462 2242 sibi

103 2267 296 2324 prodest,
320 2275 364 2309 et
384 2266 582 2308 utilitates
605 2281 697 2308 suas
723 2266 895 2323 negligit
918 2269 1156 2310 communia
1180 2270 1463 2314 emolumenta

104 2352 365 2395 praeponens.
384 2336 576 2394 Plerique
592 2337 852 2394 Euphratem
873 2341 943 2378 ἀπὸ
961 2345 1025 2379 τοῦ
1045 2345 1280 2393 εὐφραίνεσθαι
1304 2340 1463 2384 dietum

105 2415 279 2466 putant,
299 2407 380 2449 hoc
398 2415 475 2456 est,
497 2422 517 2449 a
535 2409 738 2462 laetando3
764 2422 813 2449 eo
832 2407 944 2464 quod
961 2404 1179 2447 hominum
1203 2423 1334 2465 genus
1350 2413 1464 2455 nullo

107 2478 238 2536 magis
264 2493 390 2535 quam
419 2477 577 2535 justitia
608 2486 651 2520 et
681 2478 876 2535 aequitate
906 2478 1080 2518 laetetur.
1119 2476 1297 2521 Causam
1326 2491 1464 2526 autem

108 2564 184 2591 cur
205 2549 343 2592 caeteri
365 2564 445 2606 qua
469 2557 710 2592 commeant
725 2548 857 2597 ssuvii,
877 2547 1177 2590 describuntur
1190 2550 1381 2607 regiones
1401 2555 1464 2597 lo—

110 2634 281 2670 corum,
304 2634 385 2678 qua
410 2619 615 2678 Euprates
639 2627 870 2678 commeat,
901 2633 986 2664 uon
1008 2618 1324 2673 describantur,
1350 2622 1465 2671 illam
