1742 3233
437 310 488 338 DE
520 309 731 338 PAnAmso.
771 311 890 339 LIBER
922 311 1036 340 imus.
1333 305 1416 350 323

72 389 182 446 quod
205 387 349 444 utique
369 387 482 429 virus
501 402 736 451 corpusque
762 389 963 445 serpentis
977 423 988 439 ,
1013 405 1111 433 cum
1132 393 1266 435 solum
1289 398 1420 438 sumi-

73 467 162 507 tur,
190 466 344 506 nocet3
376 472 473 499 cum
501 457 754 499 admiscetur
783 457 895 506 aliis,
926 459 1089 501 sanitati
1120 469 1182 505 est
1210 471 1251 504 et
1279 466 1412 510 saluti,

71 527 252 570 Scientia
274 542 438 585 quoque
461 527 558 568 boni
580 536 621 569 ct
643 528 756 576 mali,
785 528 816 569 si
835 528 935 584 quid
960 529 1169 587 sapientiae
1191 533 1366 585 habeat,
1386 535 1421 581 51

72 597 162 654 quis
181 597 273 639 vitae
291 613 454 656 semper
471 597 680 646 intendat,
706 597 738 638 si
761 597 851 653 quis
873 606 1022 640 caetera
1044 599 1245 643 virtutum
1269 619 1422 661 genera

72 676 370 725 consequatur,
390 674 654 723 nequaqnam
671 667 828 709 inutilis
844 668 1086 711 aestimatur.
1113 671 1198 713 Hac
1222 672 1346 729 igitur
1362 692 1424 718 ra—

70 736 184 778 tione
210 737 397 793 plerique
428 745 680 794 putaverunt
710 753 831 796 posse
860 738 984 779 etiam
1019 739 1122 781 illud
1147 741 1350 801 int-elligi3
1378 755 1425 788 ut

70 805 259 848 videatur
280 806 391 847 Deus
414 806 456 848 id
481 806 708 847 inhibuisse
724 839 734 855 ,
758 822 812 848 ne
834 806 991 864 absque
1013 811 1173 852 caeteris
1195 815 1329 855 solum
1346 815 1424 872 lig-

72 892 174 917 num
199 872 380 917 scientiae
393 876 492 916 boni
516 884 556 917 et
573 877 670 917 mali
688 885 938 933 gustaretur,
955 893 1036 920 non
1054 881 1315 936 prohibuisse
1328 901 1427 928 cum

73 946 243 987 caeteris.
263 946 405 987 Ethoc
422 946 515 987 idco
528 954 676 1003 putant
694 946 869 995 dictum,
891 948 985 1003 quia
1004 949 1059 990 ait
1071 950 1182 992 Deus
1197 953 1247 993 ad
1263 952 1422 997 Adam:

83 1033 98 1053 α
117 1014 220 1066 Quis
235 1014 309 1055 tibi
327 1014 888 1071 indicavitquoniam,nudus
909 1031 967 1065 es,
988 1017 1066 1058 11151
1088 1020 1139 1059 (10
1156 1019 1284 1076 ligno,
1305 1038 1326 1064 a
1343 1038 1426 1079 quo

72 1099 383 1141 »praeceperam
420 1084 523 1134 tihi,
570 1085 620 1126 ab
651 1085 735 1126 hoc
765 1086 853 1126 solo
895 1101 947 1127 ne
976 1089 1274 1139 manducares,
1308 1107 1431 1134 man-

72 1173 88 1193 »
103 1154 263 1195 ducasti
288 1153 299 1174 ¹
319 1153 336 1194 P
356 1172 372 1193 »
406 1155 531 1206 Quod
558 1155 771 1196 videretur
794 1158 893 1197 (lare
917 1156 1098 1214 aliquem
1122 1159 1427 1219 interpretandi

72 1224 228 1272 locum,
245 1224 322 1265 nisi
336 1224 488 1266 mulier
499 1224 540 1265 in
555 1225 855 1282 superioribus,
873 1225 1037 1268 dicente
1051 1238 1243 1286 serpente
1259 1247 1268 1272 :
1285 1233 1430 1284 «Quid

75 1293 249 1350 »utique
273 1294 374 1335 dixit
401 1294 534 1343 Deus,
557 1310 615 1336 ne
638 1295 769 1336 edatis
798 1295 847 1336 ab
876 1297 991 1338 omni
1020 1297 1131 1354 ligno
1159 1302 1271 1355 quod
1300 1310 1362 1344 est
1386 1303 1430 1345 in

72 1363 239 1404 »medio
269 1363 493 1420 paradiso3
523 1383 538 1403 »
582 1365 895 1421 respondisset,
930 1384 945 1404 «
970 1366 1096 1417 Quod
1120 1377 1182 1410 est
1212 1369 1255 1412 in
1288 1373 1428 1415 medio

72 1433 317 1490 »paradiso,
344 1433 447 1474 dixit
476 1433 588 1474 Deus
624 1449 633 1474 :
673 1434 765 1476 Non
801 1436 1107 1478 manducabitis
1145 1454 1195 1480 ex
1234 1455 1296 1483 eo.
1334 1460 1349 1480 »
1381 1443 1430 1484 In

73 1519 155 1560 quo
191 1503 379 1561 quamvis
415 1503 600 1545 mulieris
637 1504 967 1561 praevaricaturae
1008 1505 1110 1548 fides
1151 1508 1340 1560 videatur
1371 1512 1431 1554 in-

72 1562 249 1622 firmior,
273 1582 511 1615 tamennon
536 1574 731 1615 omnibus
755 1574 891 1616 Adam
915 1576 1102 1632 spoliabo
1124 1578 1362 1630 virtutibus,
1383 1592 1430 1625 ut

71 1642 261 1684 videatur
278 1643 319 1684 in
336 1644 527 1701 paradiso
544 1645 703 1685 nullam
727 1640 939 1686 assecutus
952 1645 1074 1687 fuisse
1090 1648 1305 1698 virtutem,
1326 1652 1432 1695 nihil

73 1712 124 1753 (10
153 1713 313 1754 caeteris
344 1713 569 1770 gustavisse
601 1713 721 1769 lignis
743 1745 752 1760 ,
778 1714 978 1770 priusque
1007 1717 1175 1772 culpam
1203 1718 1397 1762 incidisse
1416 1755 1428 1771 ,

72 1797 199 1839 quam
220 1782 381 1824 fructus
408 1798 496 1824 0550
519 1783 677 1838 aliquos
706 1792 971 1825 consecutus.
1001 1774 1092 1826 Nori
1120 1788 1306 1842 spoliabo
1330 1806 1428 1848 ergo

70 1852 224 1901 Adam,
243 1867 295 1893 ne
308 1868 436 1909 genus
453 1852 688 1894 humanum
702 1868 827 1895 omne
841 1853 1074 1910 dispoliem,
1096 1859 1208 1911 quod
1226 1857 1430 1903 innocens

71 1930 134 1963 est
156 1931 378 1978 antequam
403 1938 570 1964 sensum
593 1922 770 1980 accipiat
802 1923 985 1965 scientiae
1012 1925 1110 1966 boni
1133 1934 1175 1967 ct
1205 1929 1317 1971 mali.
1344 1930 1429 1973 Ne-

72 2008 153 2049 que
176 1993 287 2034 enim
315 1993 446 2034 otiose
474 1992 635 2034 dictum
666 2000 728 2034 est
757 2008 765 2033 ε
799 2010 814 2030 ‹<
841 1992 927 2034 Nisi
955 1996 1143 2036 comcrsi
1171 1998 1360 2056 fueritis,
1387 2010 1434 2043 et

71 2062 340 2104 »efficiamini
361 2062 469 2103 sicut
491 2078 596 2119 puer
616 2061 711 2109 iste,
738 2077 823 2103 non
846 2062 1053 2104 intrabitis
1071 2063 1113 2105 in
1140 2081 1317 2122 rognum
1338 2084 1428 2111 000-

71 2151 86 2170 o
99 2135 237 2175 lorum
254 2132 284 2174 ².
312 2151 327 2171 »
347 2132 456 2174 Puer
476 2132 589 2172 0111111
608 2146 704 2172 cum
722 2131 1008 2181 maledicitur,
1034 2149 1118 2175 non
1136 2138 1424 2181 rvmaledicit:

72 2220 169 2247 cum
180 2204 429 2262 percutitur,
444 2217 528 2244 non
545 2194 795 2259 repercutit:
821 2201 1100 2246 ambitionum
1117 2214 1158 2247 et
1178 2208 1426 2265 rapinarum

71 2283 333 2317 tentamenta·
352 2288 437 2315 non
459 2273 585 2314 novit.

127 2344 216 2387 LX.
257 2345 374 2386 [nde
390 2343 526 2384 verius
549 2350 665 2399 puto,
691 2343 804 2398 quod
825 2357 877 2382 110
899 2357 996 2384 011111
1018 2344 1105 2385 aliis
1128 2347 1297 2401 qudem
1314 2350 1424 2393 fruc-

71 2416 181 2457 tibus
211 2415 371 2471 lignum
399 2415 611 2455 edendum
640 2428 728 2454 esse
763 2414 1021 2470 praeceperit.
1062 2415 1165 2457 Nan}
1205 2420 1281 2460 etsi
1311 2422 1423 2464 bona

71 2485 241 2527 scientia
249 2485 450 2542 perfecto,
463 2483 705 2540 imperfecto
718 2491 855 2524 tamen
870 2484 1024 2525 inutilis
1034 2482 1106 2527 est.
1122 2487 1421 2545 Imperfectum

71 2556 202 2597 ausim
219 2570 388 2597 omnem
409 2554 622 2596 hominem
645 2553 782 2609 dicore
797 2587 808 2604 ,
834 2556 1001 2611 quando
1024 2555 1111 2618 ipse
1131 2558 1185 2600 Pa
1209 2561 1283 2602 clus
1304 2563 1421 2618 quasi

114 2639 124 2656 ¹
143 2635 224 2667 Gen.
244 2645 294 2674 111,
314 2644 365 2667 ιι.
380 2652 421 2659 —-·
439 2643 452 2658 2
473 2634 594 2667 Matth.
613 2643 710 2673 xvm,
729 2634 761 2666 5.·

1200 2709 1267 2735 21.
