<?xml version="1.0" encoding="UTF-8"?>
<!DOCTYPE html PUBLIC "-//W3C//DTD XHTML 1.0 Transitional//EN"
    "http://www.w3.org/TR/xhtml1/DTD/xhtml1-transitional.dtd">
<html xmlns="http://www.w3.org/1999/xhtml" xml:lang="en" lang="en">
 <head>
  <title>
</title>
<meta http-equiv="Content-Type" content="text/html;charset=utf-8" />
  <meta name='ocr-system' content='tesseract 3.04.00' />
  <meta name='ocr-capabilities' content='ocr_page ocr_carea ocr_par ocr_line ocrx_word'/>
</head>
<body>
  <div class='ocr_page' id='page_1' title='image "./omniaequaeextant01ambruoft_0653.png"; bbox 0 0 1742 3233; ppageno 0'>
   <div class='ocr_carea' id='block_1_1' title="bbox 507 267 1435 329">
    <p class='ocr_par' dir='ltr' id='par_1_1' title="bbox 507 267 1435 329">
     <span class='ocr_line' id='line_1_1' title="bbox 507 267 1435 329; baseline 0.002 -17"><span class='ocrx_word' id='word_1_1' title='bbox 507 282 560 313; x_wconf 71' lang='grc' dir='ltr'>ΒΕ</span> <span class='ocrx_word' id='word_1_2' title='bbox 595 283 803 314; x_wconf 56' lang='lat' dir='ltr'>Annium.</span> <span class='ocrx_word' id='word_1_3' title='bbox 839 283 917 313; x_wconf 76' lang='lat' dir='ltr'>Lm.</span> <span class='ocrx_word' id='word_1_4' title='bbox 958 283 1003 312; x_wconf 88' lang='lat'>11.</span> <span class='ocrx_word' id='word_1_5' title='bbox 1349 267 1435 329; x_wconf 84' lang='lat'>617</span> 
     </span>
    </p>
   </div>
   <div class='ocr_carea' id='block_1_2' title="bbox 76 359 1474 1820">
    <p class='ocr_par' dir='ltr' id='par_1_2' title="bbox 82 359 1435 561">
     <span class='ocr_line' id='line_1_2' title="bbox 84 359 1435 422; baseline -0.001 -16"><span class='ocrx_word' id='word_1_6' title='bbox 84 361 179 421; x_wconf 85' lang='lat' dir='ltr'>quia</span> <span class='ocrx_word' id='word_1_7' title='bbox 211 371 252 407; x_wconf 93' lang='lat' dir='ltr'>et</span> <span class='ocrx_word' id='word_1_8' title='bbox 281 376 357 421; x_wconf 85' lang='lat' dir='ltr'>pro</span> <span class='ocrx_word' id='word_1_9' title='bbox 384 361 480 422; x_wconf 88' lang='lat' dir='ltr'>ipsis</span> <span class='ocrx_word' id='word_1_10' title='bbox 512 362 760 411; x_wconf 85' lang='lat' dir='ltr'>intervenit,</span> <span class='ocrx_word' id='word_1_11' title='bbox 796 362 828 405; x_wconf 90' lang='lat' dir='ltr'>si</span> <span class='ocrx_word' id='word_1_12' title='bbox 857 370 998 404; x_wconf 82' lang='lat' dir='ltr'>tamen</span> <span class='ocrx_word' id='word_1_13' title='bbox 1030 359 1216 404; x_wconf 80' lang='lat' dir='ltr'><strong>credant.</strong></span> <span class='ocrx_word' id='word_1_14' title='bbox 1254 359 1344 404; x_wconf 88' lang='lat' dir='ltr'>Hoc</span> <span class='ocrx_word' id='word_1_15' title='bbox 1372 371 1435 405; x_wconf 88' lang='lat' dir='ltr'>est</span> 
     </span>
     <span class='ocr_line' id='line_1_3' title="bbox 85 430 1435 491; baseline -0.002 -15"><span class='ocrx_word' id='word_1_16' title='bbox 85 434 198 476; x_wconf 89' lang='lat' dir='ltr'>enim</span> <span class='ocrx_word' id='word_1_17' title='bbox 216 433 353 476; x_wconf 82' lang='lat' dir='ltr'>vivere</span> <span class='ocrx_word' id='word_1_18' title='bbox 370 432 411 475; x_wconf 91' lang='lat' dir='ltr'>in</span> <span class='ocrx_word' id='word_1_19' title='bbox 429 442 658 491; x_wconf 85' lang='lat' dir='ltr'>conspectu</span> <span class='ocrx_word' id='word_1_20' title='bbox 679 433 771 482; x_wconf 84' lang='lat' dir='ltr'>Dei,</span> <span class='ocrx_word' id='word_1_21' title='bbox 792 432 913 489; x_wconf 80' lang='lat' dir='ltr'>digna</span> <span class='ocrx_word' id='word_1_22' title='bbox 935 431 1011 474; x_wconf 87' lang='lat' dir='ltr'>Dei</span> <span class='ocrx_word' id='word_1_23' title='bbox 1029 431 1170 474; x_wconf 87' lang='lat' dir='ltr'>Verbo</span> <span class='ocrx_word' id='word_1_24' title='bbox 1187 430 1351 490; x_wconf 86' lang='lat' dir='ltr'>negotia</span> <span class='ocrx_word' id='word_1_25' title='bbox 1369 447 1435 490; x_wconf 86' lang='lat' dir='ltr'>ge-</span> 
     </span>
     <span class='ocr_line' id='line_1_4' title="bbox 82 502 971 561; baseline -0.003 -15"><span class='ocrx_word' id='word_1_26' title='bbox 82 519 195 553; x_wconf 84' lang='lat' dir='ltr'>rere3</span> <span class='ocrx_word' id='word_1_27' title='bbox 221 504 332 546; x_wconf 89' lang='lat' dir='ltr'>oculi</span> <span class='ocrx_word' id='word_1_28' title='bbox 354 504 465 546; x_wconf 92' lang='lat' dir='ltr'>enim</span> <span class='ocrx_word' id='word_1_29' title='bbox 485 504 657 545; x_wconf 85' lang='lat' dir='ltr'>Domini</span> <span class='ocrx_word' id='word_1_30' title='bbox 679 518 802 561; x_wconf 87' lang='lat' dir='ltr'>super</span> <span class='ocrx_word' id='word_1_31' title='bbox 827 502 971 559; x_wconf 87' lang='lat' dir='ltr'>justos.</span> 
     </span>
    </p>

    <p class='ocr_par' dir='ltr' id='par_1_3' title="bbox 76 572 1474 1470">
     <span class='ocr_line' id='line_1_5' title="bbox 141 572 1434 617; baseline -0.003 -1"><span class='ocrx_word' id='word_1_32' title='bbox 141 573 380 617; x_wconf 83' lang='lat' dir='ltr'><strong>LXXXIX.</strong></span> <span class='ocrx_word' id='word_1_33' title='bbox 411 574 528 615; x_wconf 76' lang='lat' dir='ltr'>[nde</span> <span class='ocrx_word' id='word_1_34' title='bbox 557 582 598 615; x_wconf 93' lang='lat' dir='ltr'>et</span> <span class='ocrx_word' id='word_1_35' title='bbox 617 574 821 616; x_wconf 84' lang='lat' dir='ltr'>Dominus</span> <span class='ocrx_word' id='word_1_36' title='bbox 848 573 903 615; x_wconf 81' lang='lat' dir='ltr'>ait</span> <span class='ocrx_word' id='word_1_37' title='bbox 927 588 935 613; x_wconf 94' lang='lat'>:</span> <span class='ocrx_word' id='word_1_38' title='bbox 955 590 970 611; x_wconf 92' lang='lat'>«</span> <span class='ocrx_word' id='word_1_39' title='bbox 991 572 1142 616; x_wconf 84' lang='lat' dir='ltr'>Etiam.</span> <span class='ocrx_word' id='word_1_40' title='bbox 1170 573 1281 615; x_wconf 86' lang='lat' dir='ltr'>Ecce</span> <span class='ocrx_word' id='word_1_41' title='bbox 1308 572 1434 614; x_wconf 89' lang='lat' dir='ltr'>Sarra</span> 
     </span>
     <span class='ocr_line' id='line_1_6' title="bbox 76 642 1436 700; baseline -0.001 -14"><span class='ocrx_word' id='word_1_42' title='bbox 76 659 210 686; x_wconf 82' lang='lat' dir='ltr'>»uxor</span> <span class='ocrx_word' id='word_1_43' title='bbox 237 651 309 685; x_wconf 85' lang='lat' dir='ltr'>tua</span> <span class='ocrx_word' id='word_1_44' title='bbox 340 643 473 700; x_wconf 88' lang='lat' dir='ltr'>pariet</span> <span class='ocrx_word' id='word_1_45' title='bbox 496 644 572 685; x_wconf 87' lang='lat' dir='ltr'>tihi</span> <span class='ocrx_word' id='word_1_46' title='bbox 597 643 783 686; x_wconf 88' lang='lat' dir='ltr'>filium...</span> <span class='ocrx_word' id='word_1_47' title='bbox 818 643 879 685; x_wconf 94' lang='lat' dir='ltr'>De</span> <span class='ocrx_word' id='word_1_48' title='bbox 901 643 1051 685; x_wconf 73' lang='lat' dir='ltr'>Ismael</span> <span class='ocrx_word' id='word_1_49' title='bbox 1076 650 1218 685; x_wconf 85' lang='lat' dir='ltr'>autem</span> <span class='ocrx_word' id='word_1_50' title='bbox 1245 642 1436 685; x_wconf 79' lang='lat' dir='ltr'>exaudivi</span> 
     </span>
     <span class='ocr_line' id='line_1_7' title="bbox 78 712 1437 771; baseline 0.003 -19"><span class='ocrx_word' id='word_1_51' title='bbox 78 721 150 755; x_wconf 84' lang='lat' dir='ltr'>»te</span> <span class='ocrx_word' id='word_1_52' title='bbox 170 712 202 755; x_wconf 78' lang='lat'>¹.</span> <span class='ocrx_word' id='word_1_53' title='bbox 225 713 391 755; x_wconf 82' lang='lat' dir='ltr'>»Etiam</span> <span class='ocrx_word' id='word_1_54' title='bbox 415 728 513 755; x_wconf 89' lang='lat' dir='ltr'>cum</span> <span class='ocrx_word' id='word_1_55' title='bbox 537 714 658 762; x_wconf 88' lang='lat' dir='ltr'>dicit,</span> <span class='ocrx_word' id='word_1_56' title='bbox 684 712 907 755; x_wconf 84' lang='lat' dir='ltr'>confirmat</span> <span class='ocrx_word' id='word_1_57' title='bbox 928 713 1154 771; x_wconf 80' lang='lat' dir='ltr'>promissa3</span> <span class='ocrx_word' id='word_1_58' title='bbox 1182 712 1437 756; x_wconf 85' lang='lat' dir='ltr'>confirmati-</span> 
     </span>
     <span class='ocr_line' id='line_1_8' title="bbox 78 779 1436 841; baseline 0.001 -17"><span class='ocrx_word' id='word_1_59' title='bbox 78 798 178 824; x_wconf 81' lang='lat' dir='ltr'>vum</span> <span class='ocrx_word' id='word_1_60' title='bbox 199 783 356 825; x_wconf 79' lang='lat' dir='ltr'>etenim</span> <span class='ocrx_word' id='word_1_61' title='bbox 383 784 561 826; x_wconf 78' lang='lat' dir='ltr'>verbum</span> <span class='ocrx_word' id='word_1_62' title='bbox 587 792 662 826; x_wconf 87' lang='lat' dir='ltr'>est.</span> <span class='ocrx_word' id='word_1_63' title='bbox 690 779 856 825; x_wconf 15' lang='lat' dir='ltr'>Etjideo</span> <span class='ocrx_word' id='word_1_64' title='bbox 880 783 994 841; x_wconf 88' lang='lat' dir='ltr'>prius</span> <span class='ocrx_word' id='word_1_65' title='bbox 1022 783 1336 840; x_wconf 78' lang='lat' dir='ltr'>generationem</span> <span class='ocrx_word' id='word_1_66' title='bbox 1351 783 1436 826; x_wconf 87' lang='lat' dir='ltr'>Ec-</span> 
     </span>
     <span class='ocr_line' id='line_1_9' title="bbox 80 852 1435 911; baseline 0.001 -16"><span class='ocrx_word' id='word_1_67' title='bbox 80 854 214 895; x_wconf 82' lang='lat' dir='ltr'>clesiae</span> <span class='ocrx_word' id='word_1_68' title='bbox 233 852 456 896; x_wconf 83' lang='lat' dir='ltr'>confirmat</span> <span class='ocrx_word' id='word_1_69' title='bbox 477 854 749 902; x_wconf 77' lang='lat' dir='ltr'>suturam3nt</span> <span class='ocrx_word' id='word_1_70' title='bbox 764 868 911 896; x_wconf 79' lang='lat' dir='ltr'>verum</span> <span class='ocrx_word' id='word_1_71' title='bbox 933 861 1207 911; x_wconf 87' lang='lat' dir='ltr'>cognosceret</span> <span class='ocrx_word' id='word_1_72' title='bbox 1227 853 1435 910; x_wconf 80' lang='lat' dir='ltr'>Propheta</span> 
     </span>
     <span class='ocr_line' id='line_1_10' title="bbox 80 923 1438 980; baseline 0.001 -16"><span class='ocrx_word' id='word_1_73' title='bbox 80 924 192 979; x_wconf 91' lang='lat' dir='ltr'>quod</span> <span class='ocrx_word' id='word_1_74' title='bbox 217 925 268 965; x_wconf 92' lang='lat' dir='ltr'>de</span> <span class='ocrx_word' id='word_1_75' title='bbox 286 924 434 966; x_wconf 77' lang='lat' dir='ltr'>Isma‘c&#39;l</span> <span class='ocrx_word' id='word_1_76' title='bbox 459 939 501 966; x_wconf 85' lang='lat' dir='ltr'>se</span> <span class='ocrx_word' id='word_1_77' title='bbox 520 924 683 966; x_wconf 82' lang='lat' dir='ltr'>audisse</span> <span class='ocrx_word' id='word_1_78' title='bbox 707 924 810 966; x_wconf 80' lang='lat' dir='ltr'>dixit</span> <span class='ocrx_word' id='word_1_79' title='bbox 833 924 971 971; x_wconf 85' lang='lat' dir='ltr'>Deus,</span> <span class='ocrx_word' id='word_1_80' title='bbox 994 923 1217 980; x_wconf 73' lang='lat' dir='ltr'>providens</span> <span class='ocrx_word' id='word_1_81' title='bbox 1242 924 1337 980; x_wconf 86' lang='lat' dir='ltr'>quia</span> <span class='ocrx_word' id='word_1_82' title='bbox 1354 939 1438 966; x_wconf 85' lang='lat' dir='ltr'>cae—</span> 
     </span>
     <span class='ocr_line' id='line_1_11' title="bbox 80 992 1435 1051; baseline 0.002 -18"><span class='ocrx_word' id='word_1_83' title='bbox 80 992 181 1034; x_wconf 81' lang='lat' dir='ltr'>citas</span> <span class='ocrx_word' id='word_1_84' title='bbox 201 993 329 1035; x_wconf 68' lang='lat' dir='ltr'>Israel</span> <span class='ocrx_word' id='word_1_85' title='bbox 351 1009 402 1035; x_wconf 80' lang='lat' dir='ltr'>ex</span> <span class='ocrx_word' id='word_1_86' title='bbox 421 1002 543 1051; x_wconf 85' lang='lat' dir='ltr'>parte</span> <span class='ocrx_word' id='word_1_87' title='bbox 570 995 745 1036; x_wconf 84' lang='lat' dir='ltr'>haberet</span> <span class='ocrx_word' id='word_1_88' title='bbox 767 994 1012 1051; x_wconf 88' lang='lat' dir='ltr'>contingere</span> <span class='ocrx_word' id='word_1_89' title='bbox 1027 1026 1038 1042; x_wconf 93' lang='lat'>‚</span> <span class='ocrx_word' id='word_1_90' title='bbox 1061 995 1194 1035; x_wconf 86' lang='lat' dir='ltr'>donec</span> <span class='ocrx_word' id='word_1_91' title='bbox 1219 994 1435 1051; x_wconf 81' lang='lat' dir='ltr'>plenitudo</span> 
     </span>
     <span class='ocr_line' id='line_1_12' title="bbox 81 1059 1474 1120; baseline 0.001 -16"><span class='ocrx_word' id='word_1_92' title='bbox 81 1063 268 1120; x_wconf 85' lang='lat' dir='ltr'>gentium</span> <span class='ocrx_word' id='word_1_93' title='bbox 289 1063 484 1112; x_wconf 84' lang='lat' dir='ltr'>intraret,</span> <span class='ocrx_word' id='word_1_94' title='bbox 508 1073 549 1106; x_wconf 86' lang='lat' dir='ltr'>et</span> <span class='ocrx_word' id='word_1_95' title='bbox 569 1064 627 1106; x_wconf 88' lang='lat' dir='ltr'>sic</span> <span class='ocrx_word' id='word_1_96' title='bbox 652 1059 942 1105; x_wconf 47' lang='lat' dir='ltr'>omnis&#39;lsrael</span> <span class='ocrx_word' id='word_1_97' title='bbox 969 1064 1104 1104; x_wconf 82' lang='lat' dir='ltr'>salvus</span> <span class='ocrx_word' id='word_1_98' title='bbox 1131 1062 1261 1105; x_wconf 89' lang='lat' dir='ltr'>fieret.</span> <span class='ocrx_word' id='word_1_99' title='bbox 1290 1064 1437 1119; x_wconf 85' lang='lat' dir='ltr'>Itaque</span> <span class='ocrx_word' id='word_1_100' title='bbox 1472 1096 1474 1099; x_wconf 84' lang='lat'>.</span> 
     </span>
     <span class='ocr_line' id='line_1_13' title="bbox 82 1131 1437 1189; baseline 0 -15"><span class='ocrx_word' id='word_1_101' title='bbox 82 1133 189 1175; x_wconf 91' lang='lat' dir='ltr'>sicut</span> <span class='ocrx_word' id='word_1_102' title='bbox 210 1141 457 1175; x_wconf 82' lang='lat' dir='ltr'>testamenta</span> <span class='ocrx_word' id='word_1_103' title='bbox 482 1134 703 1175; x_wconf 90' lang='lat' dir='ltr'>hominum</span> <span class='ocrx_word' id='word_1_104' title='bbox 729 1132 846 1189; x_wconf 84' lang='lat' dir='ltr'>prius</span> <span class='ocrx_word' id='word_1_105' title='bbox 876 1133 1086 1173; x_wconf 86' lang='lat' dir='ltr'>haeredem</span> <span class='ocrx_word' id='word_1_106' title='bbox 1103 1131 1264 1180; x_wconf 87' lang='lat' dir='ltr'>ferunt,</span> <span class='ocrx_word' id='word_1_107' title='bbox 1293 1139 1437 1189; x_wconf 82' lang='lat' dir='ltr'>postea</span> 
     </span>
     <span class='ocr_line' id='line_1_14' title="bbox 81 1202 1434 1260; baseline -0.001 -15"><span class='ocrx_word' id='word_1_108' title='bbox 81 1205 262 1260; x_wconf 82' lang='lat' dir='ltr'>legatum</span> <span class='ocrx_word' id='word_1_109' title='bbox 285 1202 524 1260; x_wconf 83' lang='lat' dir='ltr'>exprimunt</span> <span class='ocrx_word' id='word_1_110' title='bbox 539 1235 549 1250; x_wconf 91' lang='lat'>,</span> <span class='ocrx_word' id='word_1_111' title='bbox 569 1202 814 1244; x_wconf 87' lang='lat' dir='ltr'>melioribus</span> <span class='ocrx_word' id='word_1_112' title='bbox 832 1202 1117 1244; x_wconf 65' lang='lat' dir='ltr'>haereditatem</span> <span class='ocrx_word' id='word_1_113' title='bbox 1130 1234 1141 1250; x_wconf 84' lang='lat'><strong><em>,</em></strong></span> <span class='ocrx_word' id='word_1_114' title='bbox 1169 1202 1434 1244; x_wconf 88' lang='lat' dir='ltr'>inferioribus</span> 
     </span>
     <span class='ocr_line' id='line_1_15' title="bbox 81 1272 1439 1329; baseline -0.001 -15"><span class='ocrx_word' id='word_1_115' title='bbox 81 1274 214 1329; x_wconf 82' lang='lat' dir='ltr'>legata</span> <span class='ocrx_word' id='word_1_116' title='bbox 240 1287 249 1313; x_wconf 91' lang='lat'>:</span> <span class='ocrx_word' id='word_1_117' title='bbox 276 1272 331 1313; x_wconf 80' lang='lat' dir='ltr'>ita</span> <span class='ocrx_word' id='word_1_118' title='bbox 354 1272 395 1313; x_wconf 92' lang='lat' dir='ltr'>in</span> <span class='ocrx_word' id='word_1_119' title='bbox 420 1272 588 1314; x_wconf 84' lang='lat' dir='ltr'>Domini</span> <span class='ocrx_word' id='word_1_120' title='bbox 614 1280 881 1321; x_wconf 84' lang='lat' dir='ltr'>testamento,</span> <span class='ocrx_word' id='word_1_121' title='bbox 911 1274 1024 1314; x_wconf 91' lang='lat' dir='ltr'>unde</span> <span class='ocrx_word' id='word_1_122' title='bbox 1045 1279 1087 1313; x_wconf 90' lang='lat' dir='ltr'>et</span> <span class='ocrx_word' id='word_1_123' title='bbox 1115 1286 1190 1314; x_wconf 91' lang='lat' dir='ltr'>nos</span> <span class='ocrx_word' id='word_1_124' title='bbox 1211 1272 1324 1314; x_wconf 89' lang='lat' dir='ltr'>hunc</span> <span class='ocrx_word' id='word_1_125' title='bbox 1350 1286 1439 1313; x_wconf 87' lang='lat' dir='ltr'>mo-</span> 
     </span>
     <span class='ocr_line' id='line_1_16' title="bbox 82 1342 1437 1399; baseline 0.001 -16"><span class='ocrx_word' id='word_1_126' title='bbox 82 1358 171 1383; x_wconf 87' lang='lat' dir='ltr'>rem</span> <span class='ocrx_word' id='word_1_127' title='bbox 191 1342 446 1399; x_wconf 82' lang='lat' dir='ltr'>accepimus,</span> <span class='ocrx_word' id='word_1_128' title='bbox 473 1343 606 1385; x_wconf 87' lang='lat' dir='ltr'>haeres</span> <span class='ocrx_word' id='word_1_129' title='bbox 631 1342 828 1384; x_wconf 82' lang='lat' dir='ltr'>scribitur</span> <span class='ocrx_word' id='word_1_130' title='bbox 850 1351 999 1385; x_wconf 84' lang='lat' dir='ltr'>natura</span> <span class='ocrx_word' id='word_1_131' title='bbox 1022 1343 1172 1392; x_wconf 86' lang='lat' dir='ltr'>bonus,</span> <span class='ocrx_word' id='word_1_132' title='bbox 1193 1342 1359 1391; x_wconf 83' lang='lat' dir='ltr'>nobilis,</span> <span class='ocrx_word' id='word_1_133' title='bbox 1384 1344 1437 1385; x_wconf 88' lang='lat' dir='ltr'>le-</span> 
     </span>
     <span class='ocr_line' id='line_1_17' title="bbox 83 1411 1225 1470; baseline 0.002 -18"><span class='ocrx_word' id='word_1_134' title='bbox 83 1411 225 1470; x_wconf 87' lang='lat' dir='ltr'>gitimo</span> <span class='ocrx_word' id='word_1_135' title='bbox 249 1420 413 1454; x_wconf 83' lang='lat' dir='ltr'>creatus</span> <span class='ocrx_word' id='word_1_136' title='bbox 436 1412 657 1469; x_wconf 71' lang='lat' dir='ltr'>con&#39;jug103</span> <span class='ocrx_word' id='word_1_137' title='bbox 683 1413 817 1469; x_wconf 84' lang='lat' dir='ltr'>legato</span> <span class='ocrx_word' id='word_1_138' title='bbox 840 1414 1018 1454; x_wconf 87' lang='lat' dir='ltr'>donatur</span> <span class='ocrx_word' id='word_1_139' title='bbox 1039 1412 1225 1455; x_wconf 87' lang='lat' dir='ltr'>inferior.</span> 
     </span>
    </p>

    <p class='ocr_par' dir='ltr' id='par_1_4' title="bbox 83 1481 1443 1820">
     <span class='ocr_line' id='line_1_18' title="bbox 140 1481 1437 1540; baseline -0.001 -15"><span class='ocrx_word' id='word_1_140' title='bbox 140 1481 232 1525; x_wconf 80' lang='lat' dir='ltr'>XC,</span> <span class='ocrx_word' id='word_1_141' title='bbox 258 1482 522 1524; x_wconf 86' lang='lat' dir='ltr'>Promittitur</span> <span class='ocrx_word' id='word_1_142' title='bbox 539 1492 679 1525; x_wconf 87' lang='lat' dir='ltr'>autem</span> <span class='ocrx_word' id='word_1_143' title='bbox 700 1483 915 1540; x_wconf 82' lang='lat' dir='ltr'>generatio</span> <span class='ocrx_word' id='word_1_144' title='bbox 934 1483 1122 1539; x_wconf 84' lang='lat' dir='ltr'>sequenti</span> <span class='ocrx_word' id='word_1_145' title='bbox 1147 1497 1255 1537; x_wconf 75' lang='lat' dir='ltr'>anno</span> <span class='ocrx_word' id='word_1_146' title='bbox 1271 1514 1282 1530; x_wconf 93' lang='lat'><strong>,</strong></span> <span class='ocrx_word' id='word_1_147' title='bbox 1300 1491 1346 1524; x_wconf 89' lang='lat' dir='ltr'>ut</span> <span class='ocrx_word' id='word_1_148' title='bbox 1365 1482 1437 1524; x_wconf 84' lang='lat' dir='ltr'>ad—</span> 
     </span>
     <span class='ocr_line' id='line_1_19' title="bbox 83 1552 1436 1611; baseline 0 -17"><span class='ocrx_word' id='word_1_149' title='bbox 83 1561 217 1595; x_wconf 82' lang='lat' dir='ltr'>vertas</span> <span class='ocrx_word' id='word_1_150' title='bbox 245 1568 371 1610; x_wconf 86' lang='lat' dir='ltr'>quam</span> <span class='ocrx_word' id='word_1_151' title='bbox 391 1553 705 1610; x_wconf 76' lang='lat' dir='ltr'>generationem</span> <span class='ocrx_word' id='word_1_152' title='bbox 729 1553 978 1611; x_wconf 77' lang='lat' dir='ltr'>polliceatur</span> <span class='ocrx_word' id='word_1_153' title='bbox 999 1553 1226 1601; x_wconf 86' lang='lat' dir='ltr'>Dominus,</span> <span class='ocrx_word' id='word_1_154' title='bbox 1249 1552 1331 1595; x_wconf 88' lang='lat' dir='ltr'>hoc</span> <span class='ocrx_word' id='word_1_155' title='bbox 1349 1560 1436 1600; x_wconf 85' lang='lat' dir='ltr'>est,</span> 
     </span>
     <span class='ocr_line' id='line_1_20' title="bbox 84 1622 1440 1681; baseline -0.001 -16"><span class='ocrx_word' id='word_1_156' title='bbox 84 1638 168 1665; x_wconf 92' lang='lat' dir='ltr'>non</span> <span class='ocrx_word' id='word_1_157' title='bbox 190 1624 303 1666; x_wconf 83' lang='lat' dir='ltr'>illam</span> <span class='ocrx_word' id='word_1_158' title='bbox 325 1623 435 1666; x_wconf 89' lang='lat' dir='ltr'>uteri</span> <span class='ocrx_word' id='word_1_159' title='bbox 458 1623 685 1681; x_wconf 81' lang='lat' dir='ltr'>corporalis</span> <span class='ocrx_word' id='word_1_160' title='bbox 707 1623 842 1666; x_wconf 81' lang='lat' dir='ltr'>Sarrae</span> <span class='ocrx_word' id='word_1_161' title='bbox 864 1622 898 1671; x_wconf 76' lang='lat'>2,</span> <span class='ocrx_word' id='word_1_162' title='bbox 923 1624 996 1666; x_wconf 88' lang='lat' dir='ltr'>sed</span> <span class='ocrx_word' id='word_1_163' title='bbox 1027 1623 1154 1665; x_wconf 90' lang='lat' dir='ltr'>istum</span> <span class='ocrx_word' id='word_1_164' title='bbox 1175 1631 1343 1681; x_wconf 80' lang='lat' dir='ltr'>partum</span> <span class='ocrx_word' id='word_1_165' title='bbox 1364 1624 1440 1664; x_wconf 88' lang='lat' dir='ltr'>Ec-</span> 
     </span>
     <span class='ocr_line' id='line_1_21' title="bbox 84 1692 1443 1751; baseline -0.001 -15"><span class='ocrx_word' id='word_1_166' title='bbox 84 1694 219 1737; x_wconf 80' lang='lat' dir='ltr'>clesiae</span> <span class='ocrx_word' id='word_1_167' title='bbox 234 1727 244 1743; x_wconf 94' lang='lat'>‚</span> <span class='ocrx_word' id='word_1_168' title='bbox 271 1695 468 1751; x_wconf 85' lang='lat' dir='ltr'>quiesset</span> <span class='ocrx_word' id='word_1_169' title='bbox 494 1694 679 1736; x_wconf 83' lang='lat' dir='ltr'>futurus.</span> <span class='ocrx_word' id='word_1_170' title='bbox 700 1694 891 1750; x_wconf 83' lang='lat' dir='ltr'>Denique</span> <span class='ocrx_word' id='word_1_171' title='bbox 915 1702 956 1735; x_wconf 86' lang='lat' dir='ltr'>et</span> <span class='ocrx_word' id='word_1_172' title='bbox 973 1692 1078 1735; x_wconf 84' lang='lat' dir='ltr'>infra</span> <span class='ocrx_word' id='word_1_173' title='bbox 1099 1693 1154 1735; x_wconf 80' lang='lat' dir='ltr'>ait</span> <span class='ocrx_word' id='word_1_174' title='bbox 1180 1708 1189 1734; x_wconf 93' lang='lat'><strong>:</strong></span> <span class='ocrx_word' id='word_1_175' title='bbox 1207 1711 1222 1731; x_wconf 89' lang='lat'>«</span> <span class='ocrx_word' id='word_1_176' title='bbox 1244 1693 1443 1736; x_wconf 76' lang='lat' dir='ltr'>Revertar</span> 
     </span>
     <span class='ocr_line' id='line_1_22' title="bbox 84 1762 1438 1820; baseline 0.001 -16"><span class='ocrx_word' id='word_1_177' title='bbox 84 1764 166 1807; x_wconf 86' lang='lat' dir='ltr'>»ad</span> <span class='ocrx_word' id='word_1_178' title='bbox 187 1773 228 1807; x_wconf 89' lang='lat' dir='ltr'>te</span> <span class='ocrx_word' id='word_1_179' title='bbox 248 1765 291 1807; x_wconf 91' lang='lat' dir='ltr'>in</span> <span class='ocrx_word' id='word_1_180' title='bbox 323 1764 536 1813; x_wconf 85' lang='lat' dir='ltr'>futurum,</span> <span class='ocrx_word' id='word_1_181' title='bbox 562 1773 606 1807; x_wconf 91' lang='lat' dir='ltr'>et</span> <span class='ocrx_word' id='word_1_182' title='bbox 627 1764 707 1806; x_wconf 91' lang='lat' dir='ltr'>erit</span> <span class='ocrx_word' id='word_1_183' title='bbox 733 1764 866 1806; x_wconf 81' lang='lat' dir='ltr'>Sarrae</span> <span class='ocrx_word' id='word_1_184' title='bbox 891 1762 1047 1806; x_wconf 48' lang='lat' dir='ltr'>filiusss.</span> <span class='ocrx_word' id='word_1_185' title='bbox 1077 1764 1153 1805; x_wconf 91' lang='lat' dir='ltr'>»In</span> <span class='ocrx_word' id='word_1_186' title='bbox 1176 1778 1257 1820; x_wconf 89' lang='lat' dir='ltr'>quo</span> <span class='ocrx_word' id='word_1_187' title='bbox 1279 1772 1438 1805; x_wconf 89' lang='lat' dir='ltr'>utrum-</span> 
     </span>
    </p>
   </div>
   <div class='ocr_carea' id='block_1_3' title="bbox 85 1834 1441 1948">
    <p class='ocr_par' dir='ltr' id='par_1_5' title="bbox 85 1834 1441 1948">
     <span class='ocr_line' id='line_1_23' title="bbox 85 1834 1441 1893; baseline 0.001 -18"><span class='ocrx_word' id='word_1_188' title='bbox 85 1850 166 1891; x_wconf 91' lang='lat' dir='ltr'>que</span> <span class='ocrx_word' id='word_1_189' title='bbox 189 1849 410 1893; x_wconf 88' lang='lat' dir='ltr'>possumus</span> <span class='ocrx_word' id='word_1_190' title='bbox 436 1834 647 1892; x_wconf 82' lang='lat' dir='ltr'>accipere,</span> <span class='ocrx_word' id='word_1_191' title='bbox 674 1843 715 1878; x_wconf 89' lang='lat' dir='ltr'>et</span> <span class='ocrx_word' id='word_1_192' title='bbox 735 1834 850 1877; x_wconf 85' lang='lat' dir='ltr'>hunc</span> <span class='ocrx_word' id='word_1_193' title='bbox 873 1843 1131 1877; x_wconf 71' lang='lat' dir='ltr'>conventum</span> <span class='ocrx_word' id='word_1_194' title='bbox 1153 1834 1350 1877; x_wconf 81' lang='lat' dir='ltr'>Ecclesiae</span> <span class='ocrx_word' id='word_1_195' title='bbox 1365 1868 1375 1884; x_wconf 89' lang='lat'><strong><em>,</em></strong></span> <span class='ocrx_word' id='word_1_196' title='bbox 1398 1843 1441 1876; x_wconf 93' lang='lat' dir='ltr'>et</span> 
     </span>
     <span class='ocr_line' id='line_1_24' title="bbox 86 1904 665 1948; baseline 0.002 -1"><span class='ocrx_word' id='word_1_197' title='bbox 86 1904 273 1947; x_wconf 87' lang='lat' dir='ltr'>fidelium</span> <span class='ocrx_word' id='word_1_198' title='bbox 299 1906 665 1948; x_wconf 84' lang='lat' dir='ltr'>resurrectionem.</span> 
     </span>
    </p>
   </div>
   <div class='ocr_carea' id='block_1_4' title="bbox 86 1973 1444 2525">
    <p class='ocr_par' dir='ltr' id='par_1_6' title="bbox 86 1973 1442 2314">
     <span class='ocr_line' id='line_1_25' title="bbox 142 1973 1440 2032; baseline -0.001 -14"><span class='ocrx_word' id='word_1_199' title='bbox 142 1975 252 2018; x_wconf 85' lang='lat' dir='ltr'><strong>XCI.</strong></span> <span class='ocrx_word' id='word_1_200' title='bbox 287 1974 595 2018; x_wconf 88' lang='lat' dir='ltr'>Tertiodecimo</span> <span class='ocrx_word' id='word_1_201' title='bbox 629 1989 796 2032; x_wconf 88' lang='lat' dir='ltr'>quoque</span> <span class='ocrx_word' id='word_1_202' title='bbox 826 1990 934 2017; x_wconf 84' lang='lat' dir='ltr'>anno</span> <span class='ocrx_word' id='word_1_203' title='bbox 976 1975 1089 2032; x_wconf 88' lang='lat' dir='ltr'>quod</span> <span class='ocrx_word' id='word_1_204' title='bbox 1123 1973 1440 2017; x_wconf 84' lang='lat' dir='ltr'>circumciditur</span> 
     </span>
     <span class='ocr_line' id='line_1_26' title="bbox 86 2044 1442 2102; baseline -0.001 -15"><span class='ocrx_word' id='word_1_205' title='bbox 86 2046 258 2093; x_wconf 78' lang='lat' dir='ltr'>Ismae&#39;l,</span> <span class='ocrx_word' id='word_1_206' title='bbox 297 2045 401 2086; x_wconf 80' lang='lat' dir='ltr'>ratio</span> <span class='ocrx_word' id='word_1_207' title='bbox 446 2045 647 2094; x_wconf 70' lang='lat' dir='ltr'>evidens;</span> <span class='ocrx_word' id='word_1_208' title='bbox 687 2046 782 2102; x_wconf 85' lang='lat' dir='ltr'>quia</span> <span class='ocrx_word' id='word_1_209' title='bbox 814 2045 846 2087; x_wconf 88' lang='lat' dir='ltr'>is</span> <span class='ocrx_word' id='word_1_210' title='bbox 890 2044 961 2102; x_wconf 91' lang='lat' dir='ltr'>qui</span> <span class='ocrx_word' id='word_1_211' title='bbox 1004 2044 1187 2101; x_wconf 87' lang='lat' dir='ltr'>incipere</span> <span class='ocrx_word' id='word_1_212' title='bbox 1223 2044 1349 2086; x_wconf 83' lang='lat' dir='ltr'>hahet</span> <span class='ocrx_word' id='word_1_213' title='bbox 1381 2045 1442 2086; x_wconf 88' lang='lat' dir='ltr'>uti</span> 
     </span>
     <span class='ocr_line' id='line_1_27' title="bbox 87 2113 1440 2173; baseline -0.001 -16"><span class='ocrx_word' id='word_1_214' title='bbox 87 2114 322 2173; x_wconf 86' lang='lat' dir='ltr'>cognitione</span> <span class='ocrx_word' id='word_1_215' title='bbox 338 2113 535 2163; x_wconf 77' lang='lat' dir='ltr'>foeminae‚</span> <span class='ocrx_word' id='word_1_216' title='bbox 559 2125 654 2157; x_wconf 79' lang='lat' dir='ltr'>ante</span> <span class='ocrx_word' id='word_1_217' title='bbox 672 2116 797 2157; x_wconf 86' lang='lat' dir='ltr'>dehet</span> <span class='ocrx_word' id='word_1_218' title='bbox 811 2115 999 2157; x_wconf 85' lang='lat' dir='ltr'>recidere</span> <span class='ocrx_word' id='word_1_219' title='bbox 1017 2115 1058 2156; x_wconf 91' lang='lat' dir='ltr'>in</span> <span class='ocrx_word' id='word_1_220' title='bbox 1076 2130 1118 2156; x_wconf 93' lang='lat' dir='ltr'>se</span> <span class='ocrx_word' id='word_1_221' title='bbox 1139 2115 1333 2156; x_wconf 77' lang='lat' dir='ltr'>ardorem</span> <span class='ocrx_word' id='word_1_222' title='bbox 1350 2115 1440 2157; x_wconf 87' lang='lat' dir='ltr'>libi-</span> 
     </span>
     <span class='ocr_line' id='line_1_28' title="bbox 87 2184 1438 2242; baseline -0.001 -15"><span class='ocrx_word' id='word_1_223' title='bbox 87 2184 193 2227; x_wconf 87' lang='lat' dir='ltr'>dinis</span> <span class='ocrx_word' id='word_1_224' title='bbox 210 2217 220 2233; x_wconf 89' lang='lat'><strong><em>,</em></strong></span> <span class='ocrx_word' id='word_1_225' title='bbox 240 2192 286 2226; x_wconf 90' lang='lat' dir='ltr'>ut</span> <span class='ocrx_word' id='word_1_226' title='bbox 310 2200 332 2225; x_wconf 80' lang='lat' dir='ltr'>a</span> <span class='ocrx_word' id='word_1_227' title='bbox 355 2184 574 2242; x_wconf 86' lang='lat' dir='ltr'>superfluis</span> <span class='ocrx_word' id='word_1_228' title='bbox 595 2186 801 2227; x_wconf 84' lang='lat' dir='ltr'>abstineat</span> <span class='ocrx_word' id='word_1_229' title='bbox 819 2184 1207 2233; x_wconf 77' lang='lat' dir='ltr'>commixtionibus,</span> <span class='ocrx_word' id='word_1_230' title='bbox 1229 2185 1438 2241; x_wconf 85' lang='lat' dir='ltr'>conjunc—</span> 
     </span>
     <span class='ocr_line' id='line_1_29' title="bbox 88 2254 872 2314; baseline 0.003 -18"><span class='ocrx_word' id='word_1_231' title='bbox 88 2254 190 2296; x_wconf 81' lang='lat' dir='ltr'>tioni</span> <span class='ocrx_word' id='word_1_232' title='bbox 207 2263 372 2296; x_wconf 86' lang='lat' dir='ltr'>tantum</span> <span class='ocrx_word' id='word_1_233' title='bbox 392 2270 435 2296; x_wconf 91' lang='lat' dir='ltr'>se</span> <span class='ocrx_word' id='word_1_234' title='bbox 457 2255 652 2314; x_wconf 82' lang='lat' dir='ltr'>legitimae</span> <span class='ocrx_word' id='word_1_235' title='bbox 677 2264 872 2298; x_wconf 74' lang='lat' dir='ltr'>reservet.</span> 
     </span>
    </p>

    <p class='ocr_par' dir='ltr' id='par_1_7' title="bbox 88 2325 1444 2525">
     <span class='ocr_line' id='line_1_30' title="bbox 143 2325 1437 2384; baseline -0.001 -17"><span class='ocrx_word' id='word_1_236' title='bbox 143 2325 275 2367; x_wconf 82' lang='lat' dir='ltr'><strong>XCII.</strong></span> <span class='ocrx_word' id='word_1_237' title='bbox 302 2325 485 2369; x_wconf 85' lang='lat' dir='ltr'>Mentem</span> <span class='ocrx_word' id='word_1_238' title='bbox 506 2341 672 2383; x_wconf 84' lang='lat' dir='ltr'>quoque</span> <span class='ocrx_word' id='word_1_239' title='bbox 692 2326 887 2384; x_wconf 82' lang='lat' dir='ltr'>sapientis</span> <span class='ocrx_word' id='word_1_240' title='bbox 910 2326 1160 2383; x_wconf 83' lang='lat' dir='ltr'>hospitalem</span> <span class='ocrx_word' id='word_1_241' title='bbox 1181 2340 1270 2367; x_wconf 84' lang='lat' dir='ltr'>esse</span> <span class='ocrx_word' id='word_1_242' title='bbox 1291 2325 1413 2367; x_wconf 87' lang='lat' dir='ltr'>decet</span> <span class='ocrx_word' id='word_1_243' title='bbox 1426 2342 1437 2374; x_wconf 84' lang='lat'>3</span> 
     </span>
     <span class='ocr_line' id='line_1_31' title="bbox 88 2394 1442 2454; baseline 0.001 -19"><span class='ocrx_word' id='word_1_244' title='bbox 88 2402 135 2436; x_wconf 90' lang='lat' dir='ltr'>ut</span> <span class='ocrx_word' id='word_1_245' title='bbox 152 2394 277 2436; x_wconf 82' lang='lat' dir='ltr'>etiam</span> <span class='ocrx_word' id='word_1_246' title='bbox 295 2394 382 2437; x_wconf 82' lang='lat' dir='ltr'>aljis</span> <span class='ocrx_word' id='word_1_247' title='bbox 403 2395 614 2453; x_wconf 80' lang='lat' dir='ltr'>impertiat</span> <span class='ocrx_word' id='word_1_248' title='bbox 637 2397 698 2438; x_wconf 87' lang='lat' dir='ltr'>sui</span> <span class='ocrx_word' id='word_1_249' title='bbox 717 2397 908 2454; x_wconf 77' lang='lat' dir='ltr'>gratiam,</span> <span class='ocrx_word' id='word_1_250' title='bbox 928 2405 969 2438; x_wconf 91' lang='lat' dir='ltr'>et</span> <span class='ocrx_word' id='word_1_251' title='bbox 985 2395 1218 2453; x_wconf 81' lang='lat' dir='ltr'>prudentiae</span> <span class='ocrx_word' id='word_1_252' title='bbox 1232 2410 1316 2437; x_wconf 72' lang='lat' dir='ltr'>suae</span> <span class='ocrx_word' id='word_1_253' title='bbox 1332 2395 1442 2437; x_wconf 85' lang='lat' dir='ltr'>sruc-</span> 
     </span>
     <span class='ocr_line' id='line_1_32' title="bbox 90 2456 1444 2525; baseline 0.001 -18"><span class='ocrx_word' id='word_1_254' title='bbox 90 2473 181 2508; x_wconf 89' lang='lat' dir='ltr'>tum</span> <span class='ocrx_word' id='word_1_255' title='bbox 208 2466 294 2508; x_wconf 83' lang='lat' dir='ltr'>aliis</span> <span class='ocrx_word' id='word_1_256' title='bbox 317 2481 482 2523; x_wconf 87' lang='lat' dir='ltr'>quoque</span> <span class='ocrx_word' id='word_1_257' title='bbox 506 2467 683 2517; x_wconf 74' lang='lat' dir='ltr'>dividat,</span> <span class='ocrx_word' id='word_1_258' title='bbox 711 2476 835 2525; x_wconf 80' lang='lat' dir='ltr'>atque</span> <span class='ocrx_word' id='word_1_259' title='bbox 869 2467 924 2510; x_wconf 84' lang='lat' dir='ltr'>ita</span> <span class='ocrx_word' id='word_1_260' title='bbox 949 2456 1069 2509; x_wconf 80' lang='lat' dir='ltr'>bonis</span> <span class='ocrx_word' id='word_1_261' title='bbox 1098 2467 1321 2524; x_wconf 89' lang='lat' dir='ltr'>epulentur</span> <span class='ocrx_word' id='word_1_262' title='bbox 1346 2467 1444 2509; x_wconf 72' lang='lat' dir='ltr'>doc-</span> 
     </span>
    </p>
   </div>
   <div class='ocr_carea' id='block_1_5' title="bbox 139 2582 1102 2626">
    <p class='ocr_par' dir='ltr' id='par_1_8' title="bbox 139 2582 1102 2626">
     <span class='ocr_line' id='line_1_33' title="bbox 139 2582 1102 2626; baseline 0 -11"><span class='ocrx_word' id='word_1_263' title='bbox 139 2592 147 2606; x_wconf 90' lang='lat'><em>¹</em></span> <span class='ocrx_word' id='word_1_264' title='bbox 168 2583 252 2616; x_wconf 82' lang='lat' dir='ltr'>Gen.</span> <span class='ocrx_word' id='word_1_265' title='bbox 269 2593 352 2623; x_wconf 67' lang='lat' dir='ltr'>xvii,</span> <span class='ocrx_word' id='word_1_266' title='bbox 376 2593 425 2626; x_wconf 79' lang='lat'>¹9,</span> <span class='ocrx_word' id='word_1_267' title='bbox 439 2594 490 2617; x_wconf 82' lang='lat'>20.</span> <span class='ocrx_word' id='word_1_268' title='bbox 504 2601 544 2608; x_wconf 91' lang='lat'>-·</span> <span class='ocrx_word' id='word_1_269' title='bbox 559 2594 571 2608; x_wconf 81' lang='lat'><strong><em>2</em></strong></span> <span class='ocrx_word' id='word_1_270' title='bbox 590 2583 676 2618; x_wconf 84' lang='lat' dir='ltr'>Ibid.</span> <span class='ocrx_word' id='word_1_271' title='bbox 692 2595 741 2617; x_wconf 80' lang='lat'>21.</span> <span class='ocrx_word' id='word_1_272' title='bbox 758 2603 798 2609; x_wconf 91' lang='lat'>—</span> <span class='ocrx_word' id='word_1_273' title='bbox 815 2582 893 2616; x_wconf 78' lang='lat' dir='ltr'>³1d.</span> <span class='ocrx_word' id='word_1_274' title='bbox 910 2593 1031 2622; x_wconf 71' lang='lat' dir='ltr'>xxviii,</span> <span class='ocrx_word' id='word_1_275' title='bbox 1054 2592 1102 2615; x_wconf 88' lang='lat'>10.</span> 
     </span>
    </p>
   </div>
  </div>
 </body>
</html>
