1742 3233
313 259 395 310 448
853 270 882 298 s.
924 269 1112 298 AMBnosn

305 349 498 391 manibus
519 346 680 389 delictis
702 353 808 388 esset
831 346 1024 388 offensus.
1055 346 1190 388 Simul
1214 346 1377 388 veniam
1402 345 1602 404 temporis
1619 354 1661 389 et

311 419 477 460 numeri
509 417 612 458 ratio
644 416 880 474 promittit3
911 417 1023 472 quod
1060 415 1185 456 ctiam
1221 415 1349 456 iratus
1386 417 1661 458 admoneatur

308 496 393 528 tam
416 486 750 543 praecedentibus
774 486 908 527 causis
930 484 1236 526 beneficiorum
1269 500 1469 534 suorum,
1502 494 1548 528 ut
1577 500 1661 528 non

307 556 474 612 penitus
493 557 631 596 deleat
652 570 800 596 eorum
824 555 1120 601 substantiam,
1147 570 1249 610 quos
1273 554 1360 611 ipse
1383 555 1567 597 donavit.

364 615 515 668 XLIX.
546 644 561 663 α
578 625 629 666 Et
646 625 757 681 rupti
770 633 866 665 sunt
882 639 1026 665 omnes
1044 624 1177 665 sontes
1197 625 1359 680 abyssi,
1381 633 1422 666 et
1439 631 1661 666 cataractae

307 713 322 734 »
338 695 431 736 coeli
455 703 605 751 apertae
628 701 723 734 sunt
738 693 767 734 ¹.
790 711 806 731 »
831 691 928 734 Vim
954 694 1097 735 diluxii
1125 693 1424 734 convenienter
1445 693 1660 751 Scriptura

311 764 534 821 expressit,
559 763 701 804 dicens
719 763 873 803 coelum
897 770 938 803 et
960 771 1113 804 terram
1136 764 1291 820 pariter
1311 778 1400 804 esse
1423 770 1634 804 commota
1649 793 1660 809 ,

310 851 332 875 e
350 834 500 890 quibus
518 833 735 874 elementis
749 840 911 873 constat
930 832 1045 874 istius
1066 835 1213 874 mundi
1238 849 1362 874 omne
1386 832 1656 890 principium.

309 904 500 959 Isndique
538 917 635 959 ergo
667 902 939 943 influentibus
972 918 1174 958 aquarum
1206 904 1386 944 molibus
1417 903 1663 943 conclusum

309 988 437 1030 genus
478 972 699 1013 hominum
741 980 1006 1029 perurgetur.
1049 973 1145 1014 liaec
1189 974 1420 1014 secundum
1463 972 1658 1013 litteram.

312 1043 437 1093 Quod
461 1050 598 1083 autem
623 1043 675 1083 ad
702 1042 893 1083 altiorem
912 1042 1094 1099 pertinet
1127 1057 1320 1090 sensum,
1355 1041 1449 1083 coeli
1474 1039 1664 1097 symbolo

310 1128 427 1153 mens
452 1112 635 1153 humana
664 1111 938 1168 significatur,
967 1120 1086 1153 terrae
1111 1121 1249 1153 autem
1279 1111 1557 1168 appellatione
1577 1124 1666 1152 cor-

310 1198 387 1240 pus
414 1191 456 1224 et
472 1198 628 1224 sensus.
656 1183 801 1239 Magna
825 1182 951 1239 igitur
973 1182 1207 1238 naufragia,
1234 1183 1402 1238 quando
1417 1179 1567 1222 mentis
1589 1195 1667 1237 pa-

310 1252 411 1293 riter
440 1260 482 1292 et
511 1251 697 1308 corporis
730 1267 1013 1308 sensuumque
1044 1252 1234 1293 omnium
1266 1252 1395 1293 turbo
1418 1258 1460 1292 et
1481 1250 1665 1308 procella

310 1321 552 1362 miscentur.
590 1321 821 1378 Diligenter
855 1321 964 1362 dicta
994 1337 1230 1378 pensemus.
1266 1321 1524 1377 Plerumque
1553 1320 1665 1362 sraus

310 1390 461 1432 mentis
488 1399 529 1432 et
561 1391 679 1431 dolus
705 1406 828 1432 suum
852 1399 1049 1433 exercent
1070 1406 1279 1433 venenum
1295 1423 1305 1439 ,
1328 1392 1404 1432 sed
1430 1398 1571 1431 tamen
1597 1404 1667 1431 so-

311 1460 464 1501 brietas
489 1461 676 1517 corporis
697 1469 738 1502 et
762 1461 1021 1502 continentia
1048 1461 1308 1502 obumbrant
1327 1459 1477 1501 mentis
1507 1458 1666 1517 impro-

307 1529 496 1572 bitatem.
512 1531 773 1587 Frequenter
792 1531 952 1572 incerto
970 1530 1066 1571 fidei
1086 1539 1209 1587 atque
1226 1529 1435 1587 opinionis
1451 1543 1534 1571 suae
1547 1543 1665 1570 mens

308 1601 469 1642 lubrica
489 1608 571 1648 est,
597 1602 669 1642 sed
695 1609 836 1642 tamen
860 1615 957 1641 caro
981 1599 1139 1642 deliciis
1167 1608 1208 1641 et
1243 1600 1405 1642 luxuria
1439 1605 1580 1647 vacat,
1619 1604 1667 1639 ut

306 1669 517 1726 frugalitas
540 1685 727 1712 errorem
748 1670 900 1713 mentis
917 1670 1109 1718 excuset,
1138 1670 1248 1710 sicut
1271 1668 1394 1711 multi
1415 1676 1511 1711 sunt
1530 1666 1665 1709 haere-

310 1740 490 1782 ticorum
511 1740 582 1796 qui
606 1741 866 1797 praetendere
886 1741 1032 1781 volunt
1059 1739 1247 1795 eorporis
1271 1737 1600 1786 continentiam,
1620 1744 1666 1778 ut

307 1809 541 1851 assertionis
565 1825 648 1851 suae
670 1809 796 1851 fidem
826 1808 1066 1850 testimonio
1091 1807 1246 1849 sobriae
1265 1807 1400 1850 carnis
1417 1807 1633 1862 acquirant
1653 1822 1662 1848 :

305 1881 382 1921 etsi
400 1895 523 1921 sensu
544 1879 712 1926 lubrici,
732 1887 871 1920 tamen
890 1893 972 1934 quo
990 1878 1127 1920 minus
1138 1885 1297 1934 turpes,
1313 1876 1663 1932 aliquantoexcu-

308 1950 520 1992 sabiliores
534 1949 754 1990 habentur,
771 1948 878 1990 Cum
892 1956 1031 1989 autem
1043 1961 1202 1988 venena
1220 1946 1370 1988 mentis
1384 1977 1395 1994 ,
1411 1953 1452 1987 et
1471 1946 1662 2003 contagia

311 2033 524 2076 corporeae
537 2018 821 2059 obscoenitatis
833 2032 1002 2058 sensum
1013 2031 1198 2065 omnem,
1212 2017 1480 2073 vigoremque
1489 2015 1663 2057 consun-

310 2090 415 2130 ‹lunt
429 2120 439 2135 ,
459 2095 583 2142 atque
603 2086 764 2128 animus
782 2087 941 2127 incerto
963 2085 1151 2128 lubricus
1169 2093 1303 2134 motu,
1316 2085 1482 2126 malitiae
1495 2084 1662 2127 foetidus

309 2165 563 2204 atramento,
588 2156 845 2198 crudelitatis
866 2157 1005 2198 surore
1031 2171 1255 2197 succensus
1269 2187 1280 2203 ,
1297 2155 1420 2196 etiam
1441 2154 1662 2212 corporali-

304 2230 383 2270 bus
413 2227 592 2284 ssagitiis,
613 2227 832 2274 incitatum
860 2242 1004 2268 avarus
1037 2241 1204 2282 quoque
1238 2224 1410 2267 affectus
1441 2224 1662 2281 impatiens

305 2299 586 2341 mediocrium
596 2298 860 2345 facultatum,
879 2296 1051 2338 luxuriae
1068 2296 1296 2352 cupiditate
1314 2327 1324 2343 ,
1336 2294 1662 2350 effundendique

305 2369 479 2413 libidine
501 2368 789 2425 praecipitatur
814 2367 855 2408 in
887 2366 1045 2408 facinus
1066 2366 1307 2422 appetenda}
1323 2364 1465 2406 salutis
1491 2364 1657 2406 alienae:

302 2452 402 2485 tunc
411 2453 610 2496 magnum
619 2446 680 2479 est
689 2437 892 2479 diluvium
905 2436 1046 2478 omnib
1053 2452 1098 2476 us
1108 2435 1263 2493 pariter
1275 2434 1563 2491 ingruentibus
1572 2448 1660 2491 pas-

302 2511 506 2554 sionibus:
522 2516 621 2551 tunc
634 2523 676 2550 se
688 2507 939 2567 insipientia,
964 2506 1189 2562 injustitia,
1215 2505 1447 2554 temeritas,
1466 2504 1661 2562 improbi-

342 2611 352 2627 ¹
372 2603 454 2635 Gen.
470 2612 529 2640 vn,
551 2611 597 2633 11.
