1747 3260
297 241 352 285 30
841 248 872 275 s,
908 247 1100 276 Animosa

299 338 537 392 suppeteret
569 333 858 385 'competenter
889 324 1081 375 efficere,
1111 326 1225 382 quod
1256 324 1537 369 adoriundum
1564 343 1649 386 pu-

304 411 440 447 tasset.

357 474 409 515 II.
447 470 561 522 Quid
577 467 701 526 igitur
718 474 802 509 tam
820 466 1132 514 inconveniens,
1159 480 1284 522 quam
1305 474 1351 508 ut
1369 467 1649 510 [eternitatem

305 543 439 603 operis
458 555 554 583 eum
575 539 652 581 Dei
674 536 970 594 omnipotentis
993 535 1222 578 aeternitate
1246 535 1565 594 conjungerent,
1584 539 1652 581 vel

306 615 441 672 ipsum
464 625 566 668 opus
586 610 723 651 Deum
741 621 829 648 esse
845 606 1067 653 dicerent3
1091 606 1329 653 ut-coelum,
1353 613 1395 646 et
1416 613 1586 655 terram,
1609 615 1652 649 et

304 699 420 728 mare
452 680 598 723 divinis
628 668 1265 736 prosequerentur*honoribus?
1290 674 1351 716 Ex
1380 690 1461 732 quo
1493 676 1652 718 sactum

307 761 385 801 est,
410 760 456 793 ut
476 757 614 807 partes
634 746 782 789 mundi
797 745 907 786 Deos
924 759 1013 786 esse
1032 746 1264 793 crederent,
1285 745 1471 801 quamvis
1491 746 1542 788 de
1564 746 1652 804 ipso

304 823 463 867 mundo
489 833 573 860 non
596 815 818 858 mediocris
841 813 948 855 inter
969 828 1039 855 eos
1061 814 1232 870 quaestio
1257 814 1320 856 sit.

353 892 431 934 111.
463 890 572 932 Nam
592 887 846 944 Pythagoras
867 898 1001 925 unum
1022 885 1228 925 mundum
1248 884 1393 926 asserit
1413 900 1422 926 :
1446 885 1512 927 dlii
1534 884 1657 927 innu-

308 961 529 1006 merabiles
552 959 697 1000 dieunt
719 971 806 997 esse
824 956 1020 1003 mundos,
1042 962 1089 996 ut
1106 954 1270 1011 scripsit
1285 954 1566 1004 Democritus,
1588 956 1656 998 eui

308 1031 538 1091 plurimum
557 1030 607 1069 de
626 1025 808 1084 physicis
824 1033 1004 1067 vetustas
1024 1025 1278 1066 auctoritatis
1301 1026 1462 1067 detulit.
1490 1026 1658 1083 Ipsum—

311 1117 391 1159 que
410 1100 616 1142 mundum
638 1111 802 1154 semper
824 1095 948 1137 fuisse
970 1102 1010 1136 et
1032 1094 1118 1136 fore
1141 1094 1383 1137 Aristoteles
1404 1103 1577 1152 usurpat
1593 1096 1658 1138 di-

312 1187 406 1216 cere
433 1187 441 1212 ε
469 1177 612 1212 eontra
637 1175 774 1208 autem
784 1167 906 1208 Plato
928 1179 1014 1206 non
1037 1179 1202 1222 semper
1221 1164 1372 1214 fuisse,
1397 1166 1470 1207 sed
1494 1180 1660 1223 semper

312 1245 401 1288 sore
432 1238 643 1299 praesumit
665 1245 849 1279 astruere
875 1251 883 1276 :
914 1235 1082 1292 plurimi
1104 1249 1202 1276 vero
1226 1250 1302 1277 nec
1323 1235 1446 1277 fuisse
1469 1251 1656 1293 semper,

312 1327 390 1356 nee
415 1324 578 1366 semper
601 1307 688 1349 sore
710 1306 871 1363 scriptis
895 1302 977 1346 suis
1002 1303 1290 1347 testificantur.

368 1380 440 1423 IV.
476 1380 590 1421 Iuler
607 1377 681 1419 has
708 1391 854 1418 eorum
877 1375 1153 1423 dissensiones
1179 1390 1270 1431 quae
1296 1383 1435 1432 potest
1458 1391 1547 1417 esse
1572 1374 1660 1417 veri

312 1447 680 1494 aestimatio'Peum
707 1445 773 1487 alii
805 1446 1011 1487 mundum
1043 1444 1179 1502 ipsum
1214 1444 1351 1486 Deum
1380 1460 1468 1488 esse
1494 1442 1658 1494 dicant,

313 1522 425 1580 quod
448 1520 485 1561 ei
507 1533 626 1560 mens·
647 1517 799 1564 ‹lit-ina,
819 1523 866 1557 ut
886 1522 1061 1573 putant,
1091 1515 1224 1557 inesse
1243 1514 1455 1563 videatur3
1482 1515 1549 1557 alii
1572 1530 1664 1573 par-

302 1600 374 1636 -tes
404 1590 494 1648 ejus
504 1607 515 1639 3
542 1587 609 1631 alii
634 1596 859 1642 utrumque
869 1603 879 1634 3
909 1585 951 1626 in
983 1599 1065 1642 quo
1089 1599 1167 1626 nee
1190 1600 1281 1641 quae
1313 1583 1447 1642 figura
1468 1584 1521 1626 sit
1550 1585 1664 1627 Deo-

311 1677 404 1708 rum
420 1693 431 1710 ,
449 1675 527 1702 nee
550 1658 856 1715 quinumerus,
880 1669 957 1697 nec
978 1655 1049 1711 qui
1070 1656 1203 1702 locus,
1229 1662 1300 1696 aut
1320 1654 1402 1696 vita
1425 1654 1571 1712 possit,
1592 1650 1663 1697 aut

301 1727 752 1787 ,euraeomprehendi
782 1725 999 1782 Siquidem
1035 1724 1181 1766 mundi
1211 1723 1484 1766 aestimatione
1506 1723 1666 1766 volubi-

303 1801 680 1854 .lom,frotundum,
700 1798 932 1844 ardentem,
952 1794 1201 1852 quibusdam
1219 1793 1663 1843 incitatum-motibus,

305 1874 403 1918 sine
425 1888 548 1916 sensu
562 1870 704 1913 Deum
726 1866 946 1910 conveniat
974 1865 1168 1923 intelligi,
1198 1865 1269 1922 qui
1292 1864 1450 1913 alieno,
1476 1879 1564 1907 non
1587 1878 1665 1906 suo

264 1969 266 1972 ·
315 1943 441 1991 motu
450 1942 618 1984 seratur.
