1742 3233
270 253 354 302 428
814 266 843 292 s.
884 265 1072 294 ammosa

323 342 462 386 XXII.
499 342 612 394 Quid
639 344 689 386 de
706 343 792 401 ipsa
814 344 926 401 regia
948 345 1114 400 loquar,
1137 358 1212 401 per
1235 358 1361 400 quam
1385 345 1508 388 aulici
1533 361 1620 388 ser-

266 429 410 456 mones
424 414 656 471 prodeunt,
677 413 847 470 quidam
864 414 1019 455 mentis
1038 421 1190 455 nostrae
1208 414 1364 456 indices
1376 447 1387 463 ,
1409 415 1621 473 animique

265 482 540 525 internuntii?
572 483 687 534 Quid
716 484 766 524 de
798 483 884 540 ipso
913 483 1104 525 dentium
1127 482 1298 532 ordine,
1324 483 1394 539 qui
1428 498 1525 526 cum
1547 501 1621 527 suo

265 568 390 610 opere
406 552 480 594 toti
498 552 668 609 quidem
685 553 851 610 corpori
869 553 982 595 vires
1001 552 1255 601 ministrent,
1274 561 1363 594 tum
1385 553 1512 596 etiam
1528 570 1623 596 mo—

269 624 477 665 dulatores
502 631 598 665 sunt
625 623 738 664 vocis
770 622 927 679 ipsius?
944 623 1005 666 De
1036 623 1188 679 quibus
1219 622 1249 664 si
1273 622 1344 678 qui
1367 623 1620 673 ceciderint,

271 706 348 734 vox
373 692 593 734 claudicat.

326 762 486 805 XXIII.
523 762 621 803 Haec
640 761 692 802 de
714 762 850 819 capite
871 762 1072 819 prolixius
1091 762 1296 810 diximus3
1321 761 1419 818 quia
1439 762 1627 819 oportuit

269 847 412 873 sensus
439 845 583 873 omnes
614 831 656 872 in
682 847 846 873 summo
864 832 997 874 locari
1013 864 1023 880 ,
1054 833 1166 873 unde
1193 831 1332 872 omnia
1355 846 1429 886 per
1445 831 1627 887 reliquas

268 909 406 959 partes
429 900 565 942 officia
588 901 887 943 dividerentur.
934 901 1070 958 Capiti
1102 909 1242 942 autem
1279 908 1422 941 nostro
1458 915 1479 941 a
1510 909 1627 958 tergo

271 971 409 1013 cervix
430 971 640 1027 proxima,
660 972 831 1013 dextera
854 972 1038 1027 lcevaque
1050 970 1223 1011 brachia
1243 977 1360 1017 sunt,
1381 984 1472 1025 quae
1487 984 1629 1011 arcem

270 1040 528 1097 imperialem
559 1048 759 1096 tanquam
781 1039 864 1082 fida
890 1048 1062 1082 tuentur
1085 1038 1288 1081 custodia.
1320 1037 1512 1094 Denique
1539 1038 1628 1080 haec

272 1110 314 1152 in
332 1110 451 1152 nobis
467 1109 665 1151 validiora
680 1143 691 1159 ,
711 1126 803 1166 quae
820 1111 1019 1167 propiora
1037 1108 1189 1166 capiti,
1208 1108 1298 1150 haec
1320 1107 1625 1165 praestantiora.

270 1181 422 1223 Pectus
458 1195 623 1236 quoque
658 1181 771 1222 velut
807 1182 1022 1236 quoddam
1059 1179 1289 1220 sacrarium
1318 1177 1528 1233 sapientia:
1542 1209 1554 1226 ‚
1590 1185 1633 1218 et

272 1249 511 1292 stomachus
533 1251 648 1291 velut
669 1249 840 1305 quidam
871 1250 1009 1297 testis,
1034 1257 1081 1290 ut
1112 1247 1266 1289 medici
1297 1246 1436 1294 aiunt,
1471 1254 1512 1287 et
1537 1261 1634 1288 con-

275 1321 384 1362 scius
418 1328 677 1362 secretorum
707 1319 877 1376 capitis,
913 1317 1297 1375 compassionisque
1330 1330 1527 1365 consors,
1565 1316 1633 1358 cui

275 1406 346 1432 sua
375 1391 514 1432 omnia
536 1391 600 1431 vel
621 1389 824 1438 salubria,
852 1390 917 1431 vel
940 1390 1112 1430 adversa
1143 1385 1417 1428 transfundat.
1455 1385 1629 1435 Latera,

274 1460 443 1508 naticae,
468 1460 628 1502 semera
652 1468 694 1501 et
717 1474 839 1501 crura
864 1474 1070 1500 mensurae
1091 1457 1357 1499 latitudinem
1377 1456 1467 1512 ipsa
1495 1456 1634 1512 specie

274 1528 530 1585 significant3
549 1531 788 1586 pedumque
806 1544 967 1586 gressus
981 1562 991 1578 ,
1011 1528 1081 1584 qui
1098 1527 1174 1569 etsi
1192 1526 1381 1569 exiliores
1400 1525 1601 1569 Videntur
1618 1558 1628 1574 ,

275 1598 381 1641 fiunt
397 1607 537 1641 tamen
558 1599 726 1642 latiores
744 1631 755 1648 ‚
782 1614 881 1641 cum
904 1598 1170 1640 incedimuss

275 1756 363 1772 ἱΛΛΛΜ
371 1755 590 1774 vvthwkuw
597 1754 1049 1771 ΜΜΜΜΜΜΜΜΜᾺΝ
1059 1751 1542 1770 ᾺΜᾺΝΜΜΜΝἫΜΝἫΜΝἫ
1547 1750 1634 1767 va

795 1876 971 1919 CAPUT
1002 1875 1110 1919 VIII.

279 2026 366 2068 Por
391 2024 552 2066 ostiam
573 2039 594 2064 e
617 2033 863 2064 transvorso
886 2021 935 2061 in
965 2034 1070 2062 arca
1101 2018 1294 2075 positum
1326 2015 1523 2058 docentor
1563 2029 1634 2056 ex-

338 2094 480 2151 primi
497 2102 670 2150 partem
700 2092 894 2149 corporis
916 2089 1242 2149 ignobiliorem,
1267 2087 1339 2128 oui
1359 2101 1413 2128 6oe
1431 2084 1638 2142 Apostolo

341 2164 550 2206 honorem
586 2161 960 2204 abundantiorem
987 2158 1329 2201 circumdamus.
1366 2155 1461 2198 Hoc
1494 2155 1638 2210 ipsum

340 2249 440 2276 oum
457 2233 662 2275 Ecclesiae
678 2232 889 2274 membris
901 2264 912 2286 ,
932 2241 1026 2273 tum
1042 2229 1184 2272 eidem
1204 2227 1409 2271 Ecclesiae
1429 2231 1481 2267 ac'
1499 2223 1639 2282 Symi-

321 2356 323 2358 .
343 2319 463 2362 gogae
492 2302 863 2346 accommodatur.

344 2432 500 2477 XXIV.
538 2432 727 2476 Puteum
759 2441 899 2475 autem
930 2430 1090 2473 addidit
1117 2446 1126 2471 :
1153 2429 1350 2473 «Ostium
1379 2441 1430 2469 ex
1468 2425 1640 2468 adverso

286 2502 614 2551 »facies¹‚»eam
629 2512 791 2562 partem
820 2502 1038 2549 declarans
1062 2500 1248 2558 corporis
1270 2513 1344 2557 per
1372 2511 1499 2555 quam
1523 2493 1641 2538 cibos

334 2605 343 2620 =
366 2596 445 2630 Gen.
465 2607 520 2637 vi,
541 2597 589 2630 16.

1735 1319 1740 1384 ἐ

1736 1386 1740 1424 Ι

1736 1433 1742 1488 ἶ

1736 1489 1741 1551 ἓ

1735 1553 1742 1688 ἓ

1736 1689 1740 1720 z

1736 1722 1741 1837 ἓ
