1742 3233
350 276 401 301 DE
434 274 512 302 aon
545 273 597 302 ET
634 274 754 302 Aucta.
793 273 912 301 Lmen
947 272 1060 301 raus.
1299 256 1379 305 485

35 351 174 392 nescio
208 351 298 407 quis
333 366 478 393 avarus
506 351 575 407 qui
614 350 745 392 aliena
781 349 981 406 diripuit,
1017 347 1142 404 ejecit
1170 347 1350 404 pupillos
1371 379 1380 393 ,

35 420 263 461 eliminavit.
286 421 458 469 viduas,
493 423 558 462 vel
589 428 730 477 postea
761 428 901 461 tamen
928 419 970 459 in
1003 418 1291 475 poenitentiam
1318 433 1383 456 re-

35 505 197 546 gressus
213 490 404 531 restituat
425 490 535 546 quod
555 490 733 531 abstulit.
755 489 944 544 Denique
968 488 1195 531 Zacehaeus
1210 487 1301 528 ideo
1321 502 1385 526 10,-

35 561 148 602 niam
181 560 358 608 meruit,
385 561 479 616 quia
504 576 587 601 non
617 561 747 602 solum
773 559 1065 600 restituturum
1091 574 1157 606 se,
1186 559 1256 598 sed
1282 572 1360 612 qua
1384 582 1387 583 ν

38 632 235 687 druplum
263 630 454 687 promisit
489 631 639 686 quibus
673 630 808 685 aliqua
844 629 1104 677 sustulisset,
1133 627 1387 685 pauperibus

36 714 202 755 quoque
219 700 486 741 medietatem
509 700 572 741 sui
588 699 827 756 patrimonii
849 701 1115 740 donaturum.
1196 690 1201 694 ⁴

96 769 201 811 CIII.
241 769 562 812 Consideremus
580 771 706 812 etiam
724 770 961 827 diligentius
974 770 1076 826 quid
1092 769 1158 816 sit,
1179 769 1292 824 quod
1310 767 1385 807 ait:

47 857 62 878 «
84 839 242 881 Areum
264 856 404 882 meum
417 857 569 898 ponam
596 841 638 882 iu
658 842 788 890 nube,
807 851 848 883 et
870 842 949 883 erit
967 841 1129 898 signum
1150 839 1389 881 testamenti

37 927 52 948 »
67 910 209 950 {eterni
224 910 331 951 inter
348 926 415 952 me
435 919 477 952 et
499 911 608 968 inter
624 921 778 953 terram
800 926 808 952 ε
828 920 868 952 et
886 911 964 952 crit
983 926 1080 952 eum
1098 909 1390 950 innubilavero

37 979 199 1021 »nubes
213 994 338 1036 super
360 987 530 1029 terram,
555 981 718 1037 parebit
740 996 861 1022 arcus
883 995 1001 1021 meus
1024 980 1066 1021 in
1088 980 1200 1020 nube
1214 1010 1224 1026 ,
1247 986 1287 1019 et
1309 993 1393 1017 1110-

37 1065 160 1090 »mor
188 1065 259 1091 ero
291 1051 527 1092 testamenti
552 1051 636 1092 mci
663 1051 691 1093 ¹.
728 1070 743 1090 >›
777 1052 873 1093 'Non
899 1051 1035 1098 enim,
1071 1049 1178 1091 sieut
1204 1048 1392 1105 plerique

39 1119 317 1167 arbitrantur,
342 1130 487 1161 arcum
510 1121 637 1161 istum
654 1121 756 1163 dicit
774 1136 900 1177 quem
927 1121 1042 1161 aiunt
1067 1119 1258 1161 homines
1279 1134 1366 1159 esse
1382 1151 1390 1165 ,

39 1205 119 1245 quo
150 1189 386 1246 pluviarum
421 1190 536 1247 sigua
567 1190 703 1246 aliqua
730 1192 1022 1238 declarentur,
1053 1190 1094 1230 in
1127 1203 1208 1245 quo
1234 1190 1393 1229 colores

40 1259 189 1300 diversi
220 1267 422 1316 tanquam
450 1260 664 1301 radiorum
699 1261 794 1302 solis
823 1275 936 1301 nunc
961 1259 1249 1306 rutilantium,
1281 1271 1395 1298 nune

39 1329 198 1370 lumine
210 1329 443 1371 lucentium
461 1330 636 1371 clariore
653 1329 888 1386 figurantur
903 1346 912 1371 :
932 1331 1041 1371 unde
1054 1338 1095 1371 et
1105 1328 1242 1386 pluvia
1256 1328 1394 1369 futura

41 1399 314 1456 significatur,
333 1416 399 1449 eo,
421 1401 533 1457 quod
552 1400 830 1442 inconstantia
849 1402 1041 1457 quaedam
1063 1398 1294 1441 screnitatis
1308 1414 1396 1439 1,·οΓ-

41 1471 217 1512 sieolora
231 1471 299 1511 illa
314 1471 451 1527 speeie
465 1473 788 1514 demonstretur.
812 1471 969 1513 Arcum
983 1471 1096 1512 hune
1113 1470 1213 1510 Irim
1225 1469 1397 1525 quidam

41 1541 278 1596 appellant:
303 1541 376 1581 sed
399 1540 504 1581 absit
525 1548 569 1581 ut
590 1540 703 1581 hunc
725 1556 867 1582 arcum
886 1541 963 1583 Dei
985 1556 1073 1582 esse
1096 1540 1295 1581 dicamus.
1319 1538 1398 1579 Hie

42 1611 153 1651 enim
179 1625 314 1658 arcus,
340 1610 410 1666 qui
435 1610 509 1651 Ir1s
532 1610 686 1652 dicitur
701 1643 712 1659 ,
736 1626 810 1667 per
833 1607 944 1653 diem
967 1610 1098 1652 videri
1121 1610 1246 1656 solet,
1274 1617 1398 1649 nocte

42 1695 126 1721 nou
146 1687 326 1736 apparet.
349 1679 486 1721 Etiam
504 1695 578 1736 per
598 1680 734 1736 ipsum
753 1680 863 1722 diem
879 1713 889 1729 ,
912 1680 943 1721 si
960 1679 1170 1721 obductus
1189 1681 1258 1719 a‘e'r
1281 1677 1398 1718 tetris

43 1750 226 1791 nubibus
248 1749 389 1799 fuerit,
414 1765 492 1792 nec
512 1750 569 1792 sic
593 1750 764 1806 quidem
786 1751 974 1799 videtur,
994 1751 1036 1792 ni
1058 1749 1165 1791 sorte
1188 1762 1285 1790 cum
1302 1763 1401 1805 gra-

44 1821 178 1861 viores
203 1821 338 1861 nubes
357 1835 400 1861 se
422 1820 626 1878 coeperint
648 1822 846 1864 relaxare.

107 1889 210 1932 CIV.
248 1890 358 1947 Ergo
380 1890 594 1932 videamus
612 1906 679 1939 ne,
695 1891 797 1947 ‘quia
815 1906 938 1932 arcus
956 1906 1039 1946 quo
1062 1890 1218 1946 sagitta]
1235 1888 1402 1945 jaciun-

44 1966 128 2007 tur,
144 1974 256 2001 nune
273 1959 474 2008 tenditur,
493 1975 605 2001 nune¹
619 1960 855 2009 resolvitur,
875 1961 1100 2017 quamdam
1115 1959 1402 2000 extensionem

46 2038 88 2072 et
119 2029 407 2071 remissionem
430 2029 622 2071 videatur
649 2029 865 2087 Scriptura
890 2028 1147 2088 significare,
1175 2044 1250 2085 per
1278 2043 1403 2083 quam

48 2116 182 2157 neque
199 2100 365 2157 penitus
388 2115 462 2156 per
488 2100 661 2141 nimiam
686 2100 970 2141 extensionem
992 2099 1184 2139 universa
1202 2113 1405 2154 rumpan-

47 2179 116 2212 tur
135 2187 145 2219 ς
172 2171 244 2211 sed
267 2169 317 2211 sit
333 2169 524 2225 quaedam
544 2185 756 2218 mensura,
783 2178 823 2210 et
841 2170 1052 2225 quoddam
1076 2168 1224 2209 divinae
1240 2167 1404 2208 virtutis

48 2255 235 2281 examen.
262 2239 335 2280 Est
351 2254 449 2296 ergo
476 2239 606 2281 virtus
624 2240 839 2280 invisibilis
862 2238 1042 2294 Deiquze
1066 2246 1108 2278 et
1130 2238 1267 2294 speeie
1290 2237 1405 2277 istius

50 2325 171 2352 arcus
192 2310 444 2351 extendendi
470 2318 511 2351 et
537 2310 778 2351 remittendi
801 2310 1045 2350 moderatur
1073 2324 1146 2364 pro
1170 2307 1307 2348 divina
1332 2321 1400 2347 vo-

49 2381 233 2427 luntate,
264 2379 577 2428 misericordia,
607 2388 836 2437 potestate,
865 2394 956 2435 quae
982 2393 1118 2434 neque
1143 2376 1280 2417 omnia
1304 2390 1407 2416 con-

50 2448 168 2490 fundi
204 2447 332 2490 nimia
365 2449 596 2498 solutione,
628 2465 764 2506 neque
796 2447 976 2505 dirumpi
1013 2446 1138 2488 nimia
1176 2444 1407 2501 irruptione

51 2519 244 2578 patiatur.
283 2520 422 2571 Quam
458 2519 552 2563 ideo
592 2521 633 2563 in
663 2521 847 2565 nubibus
882 2518 982 2562 clleit
1016 2517 1135 2575 poni,
1177 2516 1273 2573 quia
1308 2523 1405 2556 tunc

101 2620 108 2634 ¹
129 2612 209 2644 Gen.
230 2621 274 2650 lx,
297 2611 343 2644 15.
364 2605 409 2649 16.
