1742 3233
320 257 405 299 256
865 269 895 297 s.
936 269 1127 298 Amssnosu

315 349 418 392 dicit
432 348 634 391 Dominus
657 363 665 389 :
683 364 699 386 α
715 346 929 389 Attendite
947 347 1061 389 vobis
1080 362 1101 387 a
1119 346 1228 388 salsis
1244 345 1463 403 prophetis
1477 378 1488 394 ,
1512 347 1582 404 qui
1600 362 1672 389 ve-

313 439 328 459 »
343 420 464 462 niunt
486 419 538 460 ad
557 434 628 460 vos
651 418 692 460 in
713 418 862 460 vestitu
885 418 1023 459 ovium
1039 450 1048 465 ,
1067 417 1176 457 intus
1202 423 1341 457 autem
1368 424 1466 458 sunt
1492 416 1579 474 lupi
1603 431 1676 458 ra-

315 489 509 548 »paces¹.
527 508 542 528 2>
557 489 603 530 In
617 488 681 529 his
696 503 796 545 ergo
821 503 907 529 non
931 486 1135 543 requievit
1155 486 1266 527 Deus
1288 501 1296 526 ε
1322 485 1393 526 sed
1414 485 1614 542 requievit
1631 486 1673 526 in

313 562 501 604 moribus
527 559 744 607 humanis,
769 574 873 615 quos
904 558 1000 600 fecit
1022 558 1135 599 Deus
1165 556 1216 598 ad
1238 557 1462 613 imaginem
1485 571 1602 598 suam
1629 565 1672 599 et

314 630 629 673 similitudinem
647 661 657 677 ,
683 628 855 684 quando
879 628 976 669 secit
1007 627 1167 675 virum,
1197 626 1266 682 qui
1290 641 1372 666 non
1396 625 1521 667 debet
1537 627 1674 667 velare

312 708 439 757 caput
460 714 604 746 suum,
630 697 832 753 quoniam
858 697 993 753 imago
1014 705 1055 737 et
1079 696 1207 753 gloria
1233 703 1294 735 cst
1324 694 1413 736 Dei.
1445 694 1576 751 Hujus
1597 695 1673 745 viri

309 770 456 811 animae
474 767 573 808 dicit
592 782 600 807 ε
619 785 634 804 «
646 766 757 807 Ecce
774 781 849 822 ego
864 798 874 814 ‚
890 766 1151 807 Hierusalem
1167 798 1176 813 ‚
1207 765 1319 822 pinxi
1339 780 1480 806 muros
1498 763 1631 806 tuos².
1645 782 1659 801 n

312 839 404 882 Non
428 838 529 879 dixit
548 852 557 878 :
574 855 588 875 a
603 836 720 878 Pinxi
742 844 931 877 ventrem
950 843 1069 876 tuum
1090 850 1098 876 :
1119 854 1133 874 »
1148 850 1230 876 non
1255 833 1356 875 dixit
1376 849 1384 874 :
1403 834 1546 876 «Pinxi
1567 833 1670 875 inse-

310 908 419 950 riora
443 917 511 950 tua
534 923 542 949 ε
561 906 664 948 »sed
690 905 791 947 dixit
814 905 984 947 :«Pinxi
1010 921 1152 946 muros
1178 914 1270 947 tuos
1288 939 1297 954 ,
1312 924 1326 943 »
1341 904 1474 946 valida
1493 920 1536 945 se
1558 919 1670 945 asso-

309 993 403 1020 rens
431 976 590 1018 homini
612 991 830 1016 murorum
851 975 1010 1016 dedisse
1028 974 1239 1032 praesidia,
1267 982 1312 1015 ut
1329 974 1361 1015 si
1379 973 1551 1031 pervigil
1573 987 1645 1030 spe
1661 998 1672 1004 -
1725 964 1729 1009 ἕ

308 1050 471 1090 culator
488 1048 528 1088 in
546 1046 674 1104 portis
689 1046 756 1094 sit,
772 1045 1000 1087 obsidionis
1013 1045 1388 1103 possitpericulum
1407 1045 1665 1101 propulsare.

307 1116 420 1158 Dicit
451 1117 590 1172 itaque
622 1115 775 1157 :«Non
813 1115 890 1157 tibi
921 1117 1156 1172 voluptates
1186 1114 1305 1162 dedi,
1340 1129 1423 1155 non
1453 1113 1670 1155 illecebras
1726 1122 1729 1129 ¹

305 1187 608 1244 cupiditatum,
641 1200 725 1226 non
757 1185 966 1226 incentiva
998 1185 1197 1234 luxuriae,
1235 1200 1318 1225 non
1352 1184 1473 1225 alieni
1506 1183 1668 1225 decoris
1726 1215 1729 1241 5

303 1256 717 1313 concupiscentiam:
744 1256 815 1296 scd
833 1255 927 1296 dedi
951 1255 1026 1296 tibi
1051 1255 1323 1296 fundamenta
1349 1254 1546 1302 muralia,
1573 1252 1670 1295 dedi
1726 1249 1729 1288 [

304 1327 379 1370 tibi
401 1327 579 1368 tut-rium
602 1327 763 1366 excelsa
787 1324 968 1382 fastigia,
994 1325 1035 1365 in
1058 1325 1209 1380 quibus
1234 1324 1486 1364 constitutus
1504 1338 1668 1380 expug-

303 1397 392 1438 nari
416 1398 465 1438 ab
487 1396 608 1438 hoste
624 1410 707 1436 non
732 1403 914 1443 metuas,
939 1410 1015 1435 nec
1038 1394 1324 1451 ingruentium
1346 1393 1560 1450 legionum
1584 1400 1669 1434 ter·

301 1467 435 1508 ribilia
452 1467 551 1508 licet
568 1473 823 1507 tentamenta
842 1464 1052 1506 formides.
1074 1483 1087 1502 u
1102 1463 1292 1520 Denique
1309 1463 1438 1504 habes
1458 1462 1499 1503 in
1518 1462 1638 1503 Esaia
1651 1495 1663 1511 ,

302 1538 396 1594 quia
420 1536 516 1593 justi
540 1536 676 1577 anima
700 1535 829 1583 dicit,
853 1536 919 1576 vel
941 1534 1125 1576 Ecclesia
1144 1549 1153 1575 ε
1171 1552 1185 1571 «
1201 1533 1288 1590 Ego
1313 1533 1455 1574 civitas
1477 1532 1663 1580 munita,

301 1623 406 1664 »ego
426 1607 568 1648 civitas
585 1604 778 1646 obsessa3
805 1620 813 1646 :
836 1623 850 1643 ›>
866 1605 1024 1645 munita
1048 1619 1122 1661 per
1142 1603 1372 1651 Christum,
1397 1603 1563 1644 obsessa
1587 1617 1663 1659 per

301 1679 527 1720 diabolum.
558 1676 640 1717 Sed
657 1690 741 1716 non
760 1674 884 1716 debet
906 1675 1169 1716 obsidionem
1193 1673 1351 1721 vereri,
1378 1673 1446 1713 eui
1473 1671 1664 1713 Christus

300 1749 468 1805 adjutor
489 1755 562 1787 est.
584 1746 771 1787 Munitur
791 1744 902 1785 onim
926 1744 1055 1801 gratia
1081 1743 1308 1801 spirituali,
1329 1751 1370 1783 et
1394 1741 1663 1783 saecularibus

300 1817 496 1878 periculis
528 1816 757 1858 obsidetur.
791 1815 908 1857 Unde
940 1823 981 1856 et
1010 1814 1050 1854 in
1085 1814 1269 1855 Canticis
1302 1813 1432 1855 habes
1469 1811 1660 1853 dictum:

311 1890 425 1945 «Ego
443 1902 610 1935 muruS,
634 1894 674 1927 ct
696 1886 824 1926 ubera
853 1900 945 1925 mea
968 1883 1146 1925 turres
1168 1884 1339 1926 »Murus
1362 1891 1424 1923 est
1444 1881 1631 1923 Ecclesia
1647 1913 1658 1928 ,

298 1968 434 2002 turres
457 1959 546 2015 ojus
571 1965 666 1999 sunt
688 1956 926 1998 sacerdotes
941 1988 951 2005 ,
979 1955 1130 2011 quibus
1153 1954 1335 1996 abundat
1353 1962 1394 1995 et
1417 1953 1467 1994 de
1490 1960 1664 1994 natura-

298 2030 407 2074 libus
424 2030 620 2076 verbum,
645 2035 685 2068 et
709 2026 761 2068 de
783 2026 1014 2067 moralibus
1037 2024 1270 2081 disciplina.

356 2100 400 2142 L.
436 2099 652 2155 Cognosce
668 2112 766 2153 ergo
784 2104 824 2137 te
841 2129 850 2144 ‚
876 2097 1026 2136 decora
1048 2094 1205 2141 anima;
1231 2093 1326 2149 quia
1349 2093 1484 2149 imago
1503 2090 1577 2132 Dei
1595 2106 1652 2132 es.

300 2169 516 2227 Cognosce
540 2176 603 2214 te,
628 2167 777 2214 homo3
802 2165 897 2222 quia
930 2165 1056 2222 gloria
1089 2180 1132 2205 es
1166 2162 1256 2205 Dei.
1299 2162 1409 2203 Audi
1444 2159 1657 2218 quomodo

295 2240 439 2297 gloria.
466 2237 672 2294 Propheta
692 2235 793 2277 dicit
813 2250 821 2276 ε
840 2234 1069 2277 «Mirabilis
1093 2233 1200 2274 sacta
1224 2240 1286 2273 est
1303 2230 1485 2288 cognitio
1507 2237 1579 2271 tua
1605 2243 1657 2271 ex

293 2330 309 2351 »
324 2310 436 2358 me⁵,
451 2328 465 2347 ›>
479 2309 559 2351 hoc
586 2315 671 2354 est,
692 2306 733 2347 in
756 2321 850 2347 meo
870 2320 995 2363 opere
1012 2312 1082 2346 tua
1106 2302 1336 2344 mirabilior
1359 2309 1420 2342 est
1440 2299 1547 2342 facta
1574 2313 1658 2340 ma-

295 2382 442 2438 jestas,
465 2379 505 2421 in
523 2377 694 2420 consilio
725 2374 906 2417 heminis
928 2382 998 2415 tua
1022 2372 1220 2431 sapientia
1245 2371 1521 2429 praedicatum·
1539 2369 1654 2411 Dum

291 2467 360 2495 me
384 2452 563 2496 intueor,
588 2442 777 2504 quem'tu
799 2446 839 2487 in
864 2444 959 2502 ipsis
981 2442 1304 2501 cogitationibus
1328 2439 1506 2483 occultis
1528 2445 1570 2479 ct
1586 2438 1655 2479 in-

339 2567 347 2581 ¹
369 2558 489 2589 Manh.
505 2567 565 2594 vu,
586 2557 678 2588 15.-
696 2563 708 2578 2
727 2556 799 2588 Isai'.
822 2552 1020 2591 xux,16.—
1036 2550 1114 2582 ³1d.
1137 2547 1577 2586 xxv11,5.--⁴Cant.vn¹,
1598 2553 1654 2576 ιο.

291 2614 365 2656 -J
384 2612 463 2645 Psal.
484 2621 643 2650 cxxxviii,
661 2610 692 2641 6.
