1742 3233
280 242 366 288 328
826 261 856 288 s.
895 263 1086 293 Aiissnosn

276 337 376 382 tatio
391 369 402 386 ,
427 335 508 380 hoc
527 346 608 387 est,
633 338 824 396 spiritalis
847 338 900 382 fic
910 357 958 384 us
980 350 1042 383 est
1067 340 1302 389 fructuosa,
1325 340 1402 383 sub
1430 356 1509 397 qua
1529 340 1630 399 justi

278 409 493 465 sanctique
509 409 788 465 requiescunt.
812 411 954 462 Quam
973 412 1041 468 qui
1059 411 1305 469 plantaverit
1325 411 1366 452 in
1383 412 1531 454 animis
1548 413 1628 454 sin-

277 479 609 534 gulo¹¹uln55icut
624 479 775 521 Paulus
788 481 867 522 ait:
895 483 1007 538 «Ego
1022 481 1217 539 plantavi,
1237 480 1384 538 Apollo
1402 480 1550 538 rigavit
1564 481 1575 503 ¹
1588 500 1624 530 ,»

277 549 546 590 manducavit
568 564 618 590 cx
637 565 684 590 ca
706 549 905 591 fructum.
929 551 1033 592 Malo
1057 559 1195 592 autem
1215 550 1501 607 interpretatio
1523 550 1635 592 sruc-

279 626 368 659 tum
390 618 496 660 serre
510 651 520 666 ‚
539 619 795 660 viriditatem
817 634 981 661 servaro
1004 635 1089 661 non
1106 620 1272 676 poterit.

338 688 482 729 LXVI.
523 689 649 738 Quod
666 689 791 744 igitur
812 690 976 745 gravius
995 699 1080 738 est,
1104 690 1183 731 hac
1206 705 1249 731 se
1271 688 1405 730 Adam
1427 689 1639 746 interprc«

281 756 438 796 tatione
470 757 677 797 succinxit
704 772 754 798 eo
784 759 900 806 1060,
933 760 1004 800 ubi
1037 760 1179 800 fructu
1201 760 1330 815 magis
1363 758 1562 800 castitatis
1595 773 1638 800 se

283 825 527 882 succingere
558 825 768 867 debuisset
790 826 818 867 ².
851 827 898 867 In
932 828 1085 868 lumbis
1115 828 1251 876 enim,
1281 828 1431 884 quibus
1460 830 1640 885 praecin-

284 894 434 950 giinur,
463 896 653 950 quaedam
672 896 826 937 semina
845 897 1123 953 gouer-ationis
1140 913 1227 938 esse
1247 897 1467 946 dicuntum
1487 907 1529 940 ct
1547 899 1638 942 ideo

285 966 392 1005 male
415 964 470 1005 ibi
493 965 731 1006 succinctus
759 974 821 1007 est
841 966 976 1008 Adam
998 966 1104 1008 soliis
1129 967 1370 1015 inutilibus,
1395 968 1468 1008 ubi
1490 968 1640 1010 suturae

284 1035 562 1091 generationis
595 1051 678 1076 non
709 1035 893 1076 fructum
915 1035 1104 1077 futurum
1121 1069 1131 1085 ,
1159 1038 1232 1077 sed
1254 1038 1444 1092 quaedam
1468 1046 1641 1093 peccata

287 1105 488 1160 signaret,
513 1120 603 1161 quae
623 1114 868 1147 manserunt
889 1122 1021 1162 usque
1043 1107 1083 1147 in
1112 1106 1336 1147 adventum
1359 1107 1526 1147 Domini
1549 1106 1643 1149 Sal-

284 1175 450 1216 vatoris.
482 1175 689 1216 Caeterum
711 1184 982 1232 posteaquam
1004 1176 1208 1217 Dominus
1227 1176 1412 1222 advenit,
1437 1175 1564 1217 sicum
1583 1176 1643 1217 in-

285 1243 398 1284 venit
428 1243 656 1285 incultam:
683 1254 850 1300 rogatus
874 1260 925 1285 no
958 1260 1049 1285 canl
1080 1245 1247 1300 juberet
1275 1244 1434 1291 excidi,
1460 1252 1506 1285 ut
1529 1239 1643 1286 c'ole-

287 1321 403 1354 retm-
422 1314 624 1370 permisit.
649 1314 700 1354 Et
718 1314 810 1355 ideo
828 1314 912 1370 jam
936 1329 1019 1355 non
1038 1314 1144 1355 soliis
1162 1347 1172 1362 ,
1197 1315 1266 1354 sed
1287 1314 1426 1354 diVino
1451 1329 1644 1356 sermone

290 1383 599 1440 succinginmr3
633 1383 725 1439 quia
751 1383 838 1440 ipse
861 1384 1064 1425 Dominus
1092 1384 1173 1425 ait:
1202 1401 1216 1421 «
1239 1383 1331 1425 Sint
1364 1383 1496 1425 lumbi
1522 1384 1643 1426 vestri

290 1471 305 1490 »
320 1453 539 1501 succincti,
567 1461 608 1494 ct
625 1455 808 1494 lucerna:
833 1453 1025 1495 ardentes
1043 1453 1071 1496 ³.
1099 1473 1114 1492 n
1140 1453 1257 1495 Unde
1279 1453 1403 1494 ctiam
1420 1453 1645 1510 pecuniam

292 1521 333 1562 in
361 1522 473 1563 zonis
497 1522 647 1564 nostris
672 1531 839 1580 portare
865 1524 1060 1580 prohihet
1077 1523 1089 1544 ¹⁴
1112 1540 1123 1571 3
1154 1539 1239 1564 non
1260 1523 1372 1565 enim
1394 1523 1608 1565 saecularia
1632 1555 1642 1571 ,

292 1592 364 1632 sed
380 1599 532 1632 aeterna
552 1593 677 1633 debet
701 1608 803 1634 zona
827 1600 966 1634 nostra
990 1608 1166 1635 servare.

342 1722 347 1733 ¹
376 1724 384 1743 1
407 1714 486 1745 Cor.
508 1726 558 1752 ιιι,
583 1714 613 1746 6.
636 1734 673 1738 -
693 1725 703 1739 2
726 1716 758 1747 S.
785 1716 915 1758 August.
933 1728 967 1748 ιι.
986 1722 1078 1749 contr
1228 1725 1281 1746 um
1300 1714 1364 1747 Pet.
1379 1725 1405 1746 c.
1422 1724 1464 1746 v1.
1486 1731 1525 1739 --
1543 1715 1554 1735 ³
1574 1716 1645 1746 Luc.

297 1776 356 1804 xii,
376 1766 479 1799 35.-
498 1771 509 1793 ⁴
528 1768 646 1801 Mauh.
667 1780 700 1807 x,
716 1782 745 1811 9.
