1742 3233
486 291 536 323 m}
572 292 777 322 mmmm.
816 284 893 322 Liri.
935 294 962 322 ῑ.
1317 272 1366 323 δί

55 364 340 417 haereditatem
360 386 370 415 ε
388 372 504 416 «Non
522 372 618 420 erit,
643 371 792 430 inquit,
818 371 949 415 haeres
970 378 1065 415 tuus
1091 372 1182 415 hie:
1210 373 1282 413 sed
1300 373 1403 414 aller>

53 462 70 484 »
84 443 153 500 qui
170 444 315 485 exierit
340 443 390 485 de
418 451 473 493 te,
502 444 570 486 ille
589 444 720 486 haeres
739 451 835 484 tuus
853 443 972 486 erist.
996 462 1011 483 >³
1027 445 1163 495 Quem
1183 443 1281 485 dicit
1300 446 1402 486 alte»

7 506 13 510 ¹
51 512 175 555 rum?
199 513 363 571 Peperit
383 514 494 555 enim
518 522 559 556 et
580 513 690 571 Agar
714 512 847 555 filium
870 512 1038 562 Ismam,
1066 515 1135 555 sed
1159 529 1241 555 non
1267 514 1400 571 ipsum

52 583 170 632 dicit,
183 585 256 625 sed
274 584 373 625 dicit
390 593 580 626 sanctum
597 585 724 625 Isaac.
746 584 798 625 Et
815 582 908 624 ideo
927 583 1107 624 addidit:
1126 585 1236 634 «Qui
1256 585 1403 626 exierit

51 654 134 695 »de
160 660 213 695 te.
234 670 250 692 »
274 653 347 694 Ille
371 654 483 695 enim
506 669 603 695 vere
625 653 749 695 exivit
771 668 822 694 ex
844 652 1059 695 Abraham
1075 684 1085 701 ‚
1117 654 1188 710 qui
1217 654 1402 710 legitimo

51 720 249 779 conjugio
274 731 517 779 procreatus
548 731 621 765 est.
661 722 744 764 Sed
763 738 839 780 per
859 723 973 764 Isaac
996 724 1230 780 legitimum
1252 723 1400 771 lilium,

50 790 169 833 illum
190 807 335 833 verum
355 792 587 849 legitimum
608 807 828 849 possumus
847 793 1075 850 intelligere
1092 793 1318 834 Dominum
1338 793 1405 833 Je-

49 875 142 903 sum
180 860 419 911 Christum,
453 878 577 919 quem
610 863 651 904 in
682 862 889 920 principio
920 863 1132 920 Evangelii
1170 864 1402 904 secundum

48 929 292 974 Matthaeum
309 931 488 974 Abrahae
510 932 642 974 filium
666 932 885 989 legimus2,
906 933 978 988 qui
1003 948 1147 974 verum
1167 948 1209 974 se
1225 933 1404 974 Abrahze

49 1000 174 1057 gessit
205 1000 440 1049 haeredem,
477 1002 659 1043 auctoris
694 1002 938 1043 illuminans
968 1003 1298 1050 successionem,
1333 1018 1407 1058 per

48 1085 175 1127 quem
197 1069 410 1114 Abraham
431 1072 611 1128 respexit
634 1072 674 1113 in
697 1062 866 1121 eoelum,
901 1080 943 1113 et
974 1074 1238 1128 splendorem
1262 1081 1404 1129 poste-

48 1141 180 1183 ritatis
202 1156 285 1182 suae
312 1141 477 1198 agnovit
498 1156 582 1182 non
608 1142 747 1182 minus
774 1142 995 1188 illustrem,
1029 1157 1152 1197 quam
1187 1144 1402 1183 stellarum

48 1211 281 1252 coelestium
306 1211 436 1269 fulget
459 1211 636 1253 claritas.
659 1211 804 1252 «Sicut
823 1211 936 1252 enim
955 1212 1071 1252 stella
1094 1211 1232 1253 differt
1249 1228 1270 1253 a
1288 1215 1404 1253 stella
1446 1256 1452 1263 ς

47 1279 119 1321 »in
150 1281 352 1329 claritate,
383 1281 439 1322 ita
468 1288 510 1322 et
536 1280 790 1322 resurrectio
818 1279 1131 1328 mortuorum³,
1149 1280 1404 1337 »Apostolus

48 1349 171 1399 ‹licit3
196 1365 246 1392 eo
265 1352 378 1407 quod
399 1350 716 1392 resurrectionis
739 1365 822 1391 sure
848 1351 1007 1391 donans
1027 1350 1251 1398 consortia,
1272 1351 1405 1392 homi-

46 1432 138 1469 nes,
152 1434 256 1475 quos
266 1435 380 1461 mors
395 1421 553 1462 solebat
566 1419 686 1462 terris
701 1420 981 1467 abscondere,
993 1419 1109 1475 regni
1120 1420 1297 1462 coelestis
1307 1421 1407 1462 fecit

46 1503 136 1530 esse
154 1488 391 1546 participes.

103 1557 223 1601 XXI.
261 1559 487 1610 Quomodo
521 1568 662 1601 autem
697 1558 883 1600 Abrahae
917 1573 1101 1616 propago
1130 1559 1278 1601 diffusa
1308 1568 1369 1601 est
1390 1593 1400 1607 ,

44 1627 123 1669 nisi
146 1643 221 1684 per
241 1627 529 1670 haereditatem
549 1627 646 1670 fidei
661 1661 671 1676 ,
695 1644 771 1685 per
807 1643 936 1684 quam
957 1630 1062 1669 coelo
1084 1644 1402 1686 comparamur,

45 1697 302 1740 conferimur
318 1698 488 1756 Angelis
502 1731 512 1747 ,
537 1714 756 1755 aequamur
774 1697 906 1739 stellis
924 1697 942 1737 Ξ)
967 1698 1065 1738 Ideo
1088 1698 1167 1738 ait:
1200 1716 1214 1735 «
1236 1698 1303 1740 Sic
1325 1699 1404 1739 erit

44 1782 218 1809 »semen
251 1776 373 1809 tuum
392 1768 422 1810 ²¹.
456 1769 509 1809 Et
533 1768 712 1810 credidit
741 1800 752 1816 ,
801 1766 966 1823 inquit,
1004 1766 1215 1808 Abraham
1247 1768 1349 1809 Deo.
1377 1787 1392 1806 »

45 1837 160 1888 Quid
184 1837 397 1880 credidit?
427 1838 643 1880 Christum
669 1838 746 1879 sihi
774 1853 849 1894 per
875 1838 1184 1894 susceptionem
1214 1839 1400 1895 corporis

43 1907 254 1950 haeredem
270 1909 475 1951 futurum.
491 1910 544 1950 Ut
561 1909 666 1950 scias
679 1909 775 1965 quia
795 1909 877 1950 hoe
891 1908 1083 1957 credidit,
1101 1908 1305 1950 Dominus
1318 1910 1397 1951 ait:

55 1994 71 2016 «
93 1977 306 2021 Abraham
330 1980 441 2021 diem
465 1994 609 2021 meum
632 1978 736 2020 vidit
762 1986 804 2019 et
824 1977 986 2035 gavisus
1003 1985 1077 2018 est.
1108 1996 1123 2016 »
1157 1978 1254 2018 Ideo
1289 1997 1304 2016 α
1325 1980 1402 2021 Re-

42 2056 265 2105 »putatum
287 2057 349 2090 est
365 2049 423 2090 illi
445 2050 498 2091 ad
513 2048 720 2106 justitiam
746 2047 781 2096 ⁵,
799 2067 815 2087 »
850 2047 944 2103 quia
962 2047 1167 2088 rationem
1189 2063 1273 2088 non
1294 2064 1403 2104 (μυε-

42 2117 150 2166 sivit‚
176 2119 248 2159 sed
263 2119 575 2175 promptissima
602 2117 686 2160 fide
707 2118 903 2159 credidit.
931 2117 1096 2158 Bonum
1121 2125 1183 2158 est
1207 2126 1249 2158 ut
1272 2119 1400 2160 ratio—

40 2176 140 2229 nem
157 2188 381 2245 praeveniat
393 2187 522 2236 fides3
542 2203 595 2230 ne
612 2196 814 2244 tanquam
833 2187 882 2228 ab
900 2186 1087 2234 homine,
1110 2187 1165 2228 ita
1184 2187 1397 2228 aDomino

40 2257 130 2300 Deo
173 2266 316 2300 nostro
349 2258 556 2299 rationem
593 2258 809 2299 videamus
851 2255 1027 2312 exigere.
1066 2256 1231 2297 Etenim
1272 2272 1398 2312 quam

41 2327 261 2385 indignum
291 2335 340 2369 ut
368 2328 562 2370 humanis
589 2327 838 2369 testimoniis
866 2327 917 2367 de
943 2326 1021 2366 alio
1050 2327 1295 2376 credamus,
1320 2327 1399 2369 Dei

41 2397 222 2439 oraculis
250 2398 301 2440 de
328 2413 372 2440 se
403 2413 489 2439 non
512 2398 734 2439 credamus
758 2398 767 2437 l
792 2395 1013 2437 Imitemur
1033 2411 1131 2453 ergo
1154 2396 1366 2438 Abraham
1383 2429 1394 2445 ,

0 2546 1 2551 ¹
85 2514 96 2529 ¹
124 2506 205 2539 Gen.
238 2517 276 2546 2,
295 2505 325 2537 5.
343 2524 384 2530 -
409 2516 421 2529 2
450 2505 535 2537 lbid.
561 2505 592 2543 4.
611 2524 652 2530 —
677 2507 690 2527 3
723 2505 840 2538 Matih.
869 2517 896 2543 ι,
931 2515 959 2536 ι.
983 2522 1021 2531 -—
1040 2507 1054 2531 4
1074 2516 1085 2537 ι
1109 2505 1184 2537 Cor.
1207 2505 1332 2543 xv,41.
1354 2522 1396 2528 —-

0 2558 1 2591 3
40 2559 56 2582 ⁶
70 2559 156 2593 Gen.
172 2571 224 2598 xv,
237 2561 271 2595 6.
287 2579 330 2586 --
345 2562 360 2583 ⁶
377 2561 470 2593 Joan.
487 2571 562 2600 vm,
579 2560 633 2593 56.

187 2657 267 2690 mv.
1190 2645 1213 2687 3
1222 2645 1246 2686 3
