1742 3233
491 272 543 299 DE
576 270 782 298 ABRAnAM.
819 271 898 299 Lm.
938 273 963 298 1.
1323 258 1403 301 551

61 350 184 391 tionis
205 348 436 391 consulitur
459 349 536 390 die.
563 348 648 391 Nec
672 349 896 390 immeritio
928 349 1168 391 dilationem
1192 364 1275 391 non
1304 360 1409 392 auu-

59 419 127 466 lit;
151 419 245 475 jure
264 419 418 460 etenim
441 434 665 476 properare
687 418 833 461 debuit
859 418 910 459 ad
930 419 1142 460 maritum.
1165 420 1284 461 Unde
1304 420 1407 462 illud

58 487 315 544 Euripideon
342 490 456 544 quod
481 488 687 531 mirantur
707 488 921 546 plerique,
950 489 1061 529 unde
1089 490 1334 530 translatum
1357 489 1409 531 sit

58 558 324 600 manifestum
346 566 421 600 est.
443 559 512 600 Ait
532 559 643 601 enim
671 559 712 600 in
734 573 911 616 persona
933 558 1135 606 mulieris,
1158 573 1249 615 quae
1268 566 1408 600 tamen

57 628 253 670 maritum
274 629 439 670 volebat
453 629 702 686 relinquere,
726 637 767 671 et
785 630 836 670 ad
853 629 950 670 alias
967 629 1187 686 petebatur
1204 630 1370 687 nuptias
1393 645 1402 671 :

215 736 481 786 Νυμφευμάτων
497 736 561 786 μὴν
578 739 647 773 τῶν
665 738 748 785 ἐμῶν
765 736 885 786 πατὴρ
906 736 980 786 έμὶς

214 801 392 851 ΝῙέριμναν
409 798 474 844 ’ἔξει
489 829 499 847 ,
520 797 612 838 κὀὐκ
635 803 706 850 ἐμὶν
726 802 838 850 κρίνει-,ι
858 799 940 837 τάδε
964 806 990 838 ¹.

54 881 143 923 Hoc
166 891 228 924 est
241 915 252 930 ,
268 901 284 921 ιι
304 882 571 940 Sponsalium
588 884 758 940 quidem
774 898 966 925 meorum
988 890 1106 939 pater
1120 897 1238 923 meus
1260 896 1404 924 curam

0 964 1 994 ἐ
55 951 233 1000 subibit3
249 952 331 994 hoc
350 952 461 994 enim
479 968 563 994 non
580 962 641 995 est
658 968 812 994 meum.
837 971 852 992 η
867 954 975 1010 Ergo
995 953 1109 1008 quod
1124 961 1165 994 et
1183 953 1258 1009 ipsi
1275 952 1408 1008 philo-

54 1020 174 1077 sophi
196 1021 334 1063 mirati
360 1030 479 1070 sunt,
502 1031 662 1065 servate
685 1023 874 1079 virgines.
902 1021 986 1063 Sed
1007 1022 1156 1069 etiam,
1181 1021 1378 1063 mulieres
1395 1055 1406 1070 ‚

53 1090 86 1132 si
109 1106 190 1147 qua
215 1091 344 1132 amiso
372 1091 454 1133 cito
477 1092 652 1140 marito,
673 1093 985 1133 adolescentula
1012 1092 1210 1147 laqueum
1228 1089 1407 1132 infirmi-

53 1160 147 1202 tatis
174 1175 256 1202 suae
280 1161 400 1204 timet
420 1161 604 1203 incidere
619 1195 630 1211 ,
658 1169 705 1203 ut
723 1161 755 1203 si
778 1162 866 1202 vult
889 1161 1073 1209 nubere,
1091 1160 1223 1202 nubat
1241 1167 1405 1201 tantum

52 1230 95 1273 in
114 1232 319 1281 Domino,
352 1240 400 1274 ut
428 1232 676 1274 electionem
703 1232 841 1274 mariti
862 1232 1105 1289 parentibus
1136 1231 1318 1278 deferat3
1351 1246 1405 1272 ne

52 1301 299 1358 appetentiae
327 1302 581 1358 procacioris
611 1302 863 1350 aestimetur,
890 1302 923 1343 si
954 1302 1041 1359 ipsa
1065 1303 1117 1343 de
1139 1301 1294 1358 nuptiis
1320 1300 1404 1342 suis

51 1372 301 1414 electionem
314 1373 392 1414 sibi
407 1373 603 1415 vindicet.
621 1373 812 1430 Expctita
830 1373 962 1430 magis
980 1372 1104 1414 dehet
1116 1371 1279 1414 videria
1295 1371 1399 1420 viro,

50 1457 176 1498 quam
198 1443 286 1500 ipsa
305 1444 441 1486 virum
457 1444 671 1501 expetisse.
700 1443 1006 1485 Verecundiam
1027 1441 1268 1500 praemittat‚
1288 1449 1401 1484 ante·

50 1525 176 1567 quam
197 1514 350 1561 nubat,
374 1516 487 1570 quod
509 1513 645 1570 ipsum
667 1513 912 1570 conjugium
935 1514 1027 1569 plus
1046 1511 1315 1554 commendet
1335 1526 1402 1553 ve-

50 1582 262 1624 recundia.
286 1582 369 1624 Sed
385 1583 443 1625 illi
460 1584 586 1625 verba
603 1583 835 1631 imitantur,
856 1597 982 1640 opera
996 1581 1150 1624 imitari
1167 1588 1395 1638 nequeunt.

106 1651 238 1694 XCII.
265 1653 404 1695 Inesse
427 1669 592 1710 quoque
614 1653 656 1694 in
681 1668 730 1694 eo
752 1654 1002 1710 praeclarum
1027 1651 1225 1693 Ecclesiae
1248 1659 1400 1707 myste-

49 1720 159 1763 rium
179 1722 335 1778 liquet,
359 1738 408 1765 eo
436 1725 551 1779 quod
571 1738 694 1764 nemo
722 1739 843 1764 ausus
867 1722 918 1763 sit
938 1737 1030 1763 eam
1063 1728 1156 1762 ante
1187 1720 1400 1762 Christum

47 1805 220 1840 vocare3
241 1792 316 1833 soli
337 1792 449 1834 enim
474 1791 639 1834 Christo
661 1792 750 1833 haec
767 1800 857 1833 erat
879 1793 1162 1833 vocandarum
1180 1789 1398 1831 nationum

44 1861 225 1917 reposita
250 1862 533 1918 praerogativa.
567 1861 722 1904 Vocata
750 1870 889 1903 autem
915 1877 1000 1903 non
1026 1861 1126 1902 fecit
1145 1875 1332 1906 moram,
1358 1867 1401 1900 et

43 1929 138 1972 ideo
158 1930 369 1988 acceptior
388 1931 594 1979 Domino,·
614 1931 712 1987 quia
734 1933 914 1988 populus
933 1930 1193 1978 Judaeorum,
1221 1929 1291 1986 qui
1309 1937 1399 1970 erat

46 1999 98 2040 ad
124 2015 287 2042 coenam
310 2009 503 2049 vocatus,
529 2002 678 2058 <lignus
709 2016 794 2042 non
819 2001 898 2043 fuit
928 2002 1069 2043 venire
1094 2016 1102 2041 ε
1131 1999 1396 2057 congregatio

46 2077 186 2112 autem
209 2070 397 2127 gentium
423 2071 546 2112 simul
571 2079 619 2112 ut
641 2071 828 2112 arcessiri
852 2087 895 2112 se
915 2071 1043 2117 vidit,
1076 2069 1272 2111 occurrit.

102 2138 255 2182 XCIII.
291 2140 482 2196 Denique
508 2148 554 2181 ut
586 2140 689 2182 scias
719 2155 803 2181 non
827 2140 914 2181 sine
939 2139 1139 2196 mysterio
1161 2154 1271 2187 esse,
1297 2153 1395 2180 cum

43 2209 268 2252 veheretur
285 2211 463 2259 camelo,
484 2211 679 2252 veniebat
701 2211 752 2251 ad
769 2222 967 2267 sponsum
979 2227 989 2258 3
1015 2224 1063 2251 eo
1082 2211 1196 2266 quod
1215 2210 1394 2266 populus

44 2279 264 2321 nationum
284 2280 467 2322 belluina
491 2281 673 2336 quadam
695 2279 888 2321 horridus
914 2279 1162 2320 meritorum
1196 2277 1396 2319 deformi-

44 2357 144 2398 tate,
170 2350 243 2406 qui
257 2349 401 2391 formae
423 2365 506 2392 suae
522 2352 686 2392 nullum
702 2350 877 2392 haberet
900 2352 1113 2397 decorem,
1137 2347 1265 2390 fidem
1287 2355 1395 2389 esset

46 2428 169 2477 atque
193 2434 443 2462 consensum
462 2420 657 2462 Ecclesiae
674 2428 934 2477 recepturus.
958 2419 1042 2462 Nec
1065 2418 1169 2460 illud
1185 2417 1366 2460 otiosum
1380 2450 1391 2466 ‚
1443 2466 1446 2470 ἲ

46 2491 159 2550 quod
180 2504 277 2533 cum
298 2490 457 2533 veniret
475 2491 684 2541 Rebecca,
708 2490 811 2534 vidit
835 2490 949 2533 Isaac
968 2489 1331 2545 deambulantem5
1350 2495 1393 2535 et

90 2589 100 2609 ⁸
120 2580 290 2629 Euripides
305 2581 339 2618 in
353 2582 589 2620 Andromacha.
