1742 3233
324 263 411 313 454
869 274 899 302 s.
939 272 1127 302 Aamnosn

379 350 502 394 LVII.
541 350 629 393 Nec
645 350 750 393 illud
768 351 949 394 otiosum
971 351 1084 407 quod
1104 349 1240 407 primo
1263 348 1381 399 dixit,
1403 351 1500 406 quia
1519 362 1684 394 memor

325 419 406 462 fuit
424 419 630 463 Dominus
652 420 756 470 Noe,
777 421 929 464 deinde
944 421 1190 468 bestiarum,
1215 428 1358 477 postca
1375 420 1680 476 jumentorum,

325 490 408 533 hoc
441 498 518 539 est,
552 506 628 533 cur
657 507 742 533 non
773 508 821 533 ea
857 491 1082 533 animantia
1116 505 1207 546 quae
1241 490 1407 531 mitiora
1440 498 1554 539 sunt,
1589 495 1687 548 post

325 560 543 603 hominem
579 563 825 612 nominavit,
862 565 936 604 sed
971 561 1186 603 ferociora.
1226 561 1274 601 In
1306 576 1389 617 quo
1418 561 1586 602 videtur
1608 561 1688 603 illa

326 646 417 673 esse
446 631 567 680 ratio,
598 640 645 673 ut
675 647 740 680 ea,
764 646 856 688 quae
886 632 1089 674 ferociora
1122 638 1258 679 erant,
1290 631 1514 687 utriusque
1547 630 1686 687 parti*

329 701 542 744 vicinitate
565 710 922 744 mansuescerent.
950 702 1076 753 Quod
1093 701 1259 742 videtur
1274 701 1400 742 etiam
1420 700 1463 741 in
1479 696 1549 741 illo
1564 708 1689 743 versu

332 771 497 828 politico
512 773 714 813 declarari
730 787 739 814 :
759 778 878 820 κακοὺς
887 773 921 812 δ’
935 779 968 820 ἐς
981 778 1100 825 μέστον
1116 771 1272 813 ἕλω-τεν1
1284 804 1292 813 .
1309 772 1418 813 Hinc
1434 771 1547 812 enlm
1563 771 1642 812 etia
1656 788 1702 830 na*

332 841 460 883 Poeta
482 843 710 899 usurpavit,
735 850 782 883 ut
803 842 1118 899 (Hspositioncm
1140 841 1378 883 dimicaturi
1400 840 1455 882 ita
1480 840 1692 883 ordinaret

336 911 566 960 exercitu53
595 927 679 968 quo
702 912 917 954 inferiores
940 913 1167 953 collocaret
1198 911 1239 952 in
1270 911 1426 959 modio,
1460 925 1541 966 quo
1562 909 1692 966 magis

339 981 440 1024 hinc
459 981 555 1023 inde
574 997 595 1023 a
611 981 854 1023 fortioribus
870 981 1133 1038 juvarentur,
1153 989 1195 1022 et
1215 980 1530 1023 dimicationem
1544 979 1678 1021 utrius

338 1067 418 1109 que
440 1052 569 1110 partis
591 1060 867 1095 assumerent.
898 1053 945 1093 In
966 1052 1030 1093 his
1053 1051 1197 1108 scripti
1233 1050 1359 1092 series
1390 1049 1690 1092 manifestatur.
1705 1070 1715 1106 ᾗ

338 1122 497 1165 Altiore
521 1131 661 1164 autem
689 1138 813 1165 sensu
837 1131 1000 1164 certum
1022 1129 1084 1163 est
1106 1122 1218 1177 quod
1240 1121 1375 1177 justus
1396 1120 1437 1160 in
1460 1119 1598 1161 medio
1621 1119 1699 1161 ha·-

337 1193 412 1235 bet
432 1208 516 1234 non
537 1194 580 1234 in
601 1202 717 1250 parte
740 1193 1012 1250 cogitationes
1034 1193 1171 1234 cordis
1194 1191 1257 1233 sui
1285 1207 1294 1232 z
1334 1200 1376 1233 et
1399 1192 1539 1247 quoad
1563 1190 1678 1246 carp'
1698 1229 1700 1232 .

340 1262 452 1304 hanc
470 1262 616 1312 vitam,
640 1263 794 1304 habeat
810 1277 981 1304 necesse
1003 1271 1066 1304 est
1092 1263 1134 1303 in
1157 1276 1333 1318 corpore
1354 1268 1556 1316 tanquam
1573 1258 1615 1300 in
1633 1258 1689 1300 ill

343 1347 440 1373 arca
469 1333 624 1375 bestias
660 1348 816 1390 graves.
858 1332 982 1375 Nulla
1017 1331 1131 1373 enim
1163 1346 1284 1372 mens
1305 1338 1384 1379 est,
1410 1330 1524 1371 nulla
1547 1328 1701 1370 anima

343 1418 435 1459 quae
458 1417 543 1444 non
564 1402 738 1460 recipiat
759 1403 886 1445 ctiam
907 1403 1114 1444 malarum
1131 1409 1270 1443 motus
1288 1408 1468 1457 agrestes
1484 1398 1697 1456 cogitatio-

343 1487 459 1514 num.
498 1472 645 1529 Itaque
671 1472 902 1530 insipientis
926 1471 1063 1513 anima
1088 1471 1242 1513 ferinos
1266 1471 1379 1512 acuit
1399 1478 1556 1518 motus,
1580 1477 1703 1525 atqu

345 1542 484 1582 adolet
502 1557 664 1583 venena
681 1550 924 1600 serpentum
947 1557 955 1583 :
983 1541 1180 1598 sapientis
1196 1549 1338 1582 autem
1355 1540 1470 1597 vigor
1485 1538 1648 1595 mitigat
1663 1553 1686 1580 e
1699 1560 1705 1598 '-

345 1613 526 1652 coercet.

402 1678 548 1722 LVIII.
597 1679 682 1721 «Et
703 1679 866 1722 induxit
886 1679 1093 1722 Dominus
1117 1680 1313 1737 spiritum
1335 1687 1646 1737 superterram,
1666 1693 1704 1722 θ

348 1766 364 1787 »
379 1748 556 1791 cessavit
593 1749 883 1809 aqua,}»Non
913 1759 1014 1808 puto
1045 1750 1126 1792 hoc
1160 1750 1216 1791 ita
1253 1751 1429 1799 dictum,
1462 1758 1510 1792 ut
1539 1749 1658 1807 spirit

348 1819 520 1860 nomine
549 1827 727 1861 ventum
756 1820 1024 1877 accipiamus.
1058 1819 1203 1876 Neque
1230 1819 1343 1861 enim
1377 1827 1526 1862 ventus
1547 1827 1693 1877 potera
1718 1840 1721 1847 ⁴

349 1887 506 1930 siccare
539 1887 756 1931 diluvium.
801 1886 1004 1946 Alioquin
1037 1904 1136 1931 cum
1167 1898 1283 1931 mare
1315 1889 1448 1932 ventis
1481 1889 1722 1947 exagitetu

351 1957 553 2014 quotidie,
589 1958 874 2001 exinaniretur
906 1959 1111 2017 profecto,
1141 1959 1245 2002 Nam
1274 1960 1486 2016 quomodo
1508 1973 1594 2001 non
1614 1973 1688 2001 eva

351 2035 549 2069 cuaretur
580 2043 695 2070 mare
729 2037 951 2071 ventorum
982 2029 1036 2077 vi,
1075 2028 1142 2071 cui
1174 2028 1365 2071 cessisset
1394 2037 1482 2071 toto
1515 2027 1668 2071 diffusu
1696 2048 1723 2065 ι·

353 2096 455 2138 orbe
477 2097 680 2139 diluvium
703 2114 837 2155 usque
861 2096 913 2140 ad
935 2098 1144 2147 Herculis,
1167 2107 1215 2140 ut
1241 2098 1373 2146 aiunt,
1406 2099 1641 2146 columnas,

353 2182 468 2209 mare
484 2167 681 2225 Magnum
700 2169 820 2211 tectis
841 2168 1050 2210 montium
1068 2157 1332 2223 excelsorum
1348 2167 1577 2210 verticibus
1594 2183 1679 2210 exae
1698 2193 1724 2208 ·

354 2238 505 2280 tuans?
520 2237 700 2296 Spiritus
718 2239 844 2297 igitur
860 2238 990 2280 divini
1008 2239 1162 2280 virtute
1179 2238 1375 2280 invisibili
1393 2238 1659 2300 diluvium-ill
1698 2258 1703 2269 =

355 2317 593 2365 repressum
624 2324 714 2351 esse
740 2324 825 2351 non
851 2308 1028 2351 dubium
1052 2317 1134 2358 cst,
1166 2309 1326 2351 coelesti
1348 2309 1608 2367 operatione,
1633 2322 1715 2350 no

357 2377 470 2419 flatu.
505 2378 627 2421 Unde
657 2379 860 2437 scriptum
882 2387 944 2421 est
967 2395 1008 2420 z«
1026 2378 1179 2421 Omnia
1201 2394 1222 2420 a
1245 2386 1286 2420 te
1308 2366 1548 2439 expectant,
1571 2386 1620 2420 ut
1646 2360 1724 2442 d÷j31⁴

357 2446 465 2488 »illis
483 2447 624 2489 cibum
640 2447 685 2490 in
703 2457 893 2507 tempore
913 2465 922 2491 τ
947 2449 1160 2507 aperiente
1176 2457 1219 2491 te
1235 2464 1409 2491 manum
1426 2457 1560 2498 tuam,
1578 2446 1693 2490 omni
1715 2450 1718 2456 '

1666 2486 1724 2549 ΘΙ.

360 2534 375 2554 »
390 2516 678 2574 implebuntur
701 2519 899 2562 bonitate.
935 2516 1109 2561 Auferes
1131 2518 1324 2576 spiritum
1353 2523 1524 2568 corum,
1550 2526 1594 2560 et
1621 2504 1706 2560 def<

406 2625 416 2640 ¹
428 2618 588 2652 Homerus
602 2619 694 2653 Iliad.
714 2624 753 2654 Δ.
771 2638 811 2646 -
825 2629 837 2644 ⁸
856 2622 943 2654 Gen.
959 2632 1037 2660 vm,
1060 2631 1087 2653 1.
