1742 3233
325 328 408 372 520
870 344 900 372 s.
940 343 1130 372 11111110511

322 421 451 463 terius
473 419 531 462 rei
554 427 631 467 est,
659 418 737 461 hoc
760 429 837 469 est,
855 436 939 462 11011
958 421 1125 470 veritas,
1151 420 1223 463 sed
1244 420 1445 464 indicium
1467 422 1666 465 veritatis.

321 490 511 546 Denique
529 490 617 547 ipse
634 491 823 547 exposuit
838 491 1088 548 etexpressit
1103 491 1244 533 dicens
1263 507 1272 533 :
1291 491 1491 549 «Signum
1504 493 1670 550 accepit.

321 560 684 602 »circumcisionis
699 594 709 610 ,
729 560 988 618 signaculum
1002 561 1167 617 justitiae
1188 570 1230 603 et
1252 561 1390 605 fidei'.
1415 582 1430 603 »
1445 564 1564 606 Unde
1583 579 1670 606 non

321 631 549 688 incongrue
568 631 835 686 intelligimus
860 631 956 686 quia
973 631 1237 673 circumcisio
1263 632 1489 689 corporalis
1507 633 1674 690 signum

322 700 652 742 circumcisionis
663 707 725 740 est
736 700 939 757 spiritalis.
957 701 1066 758 Ergo
1077 701 1240 759 signum
1252 703 1404 744 mansit
1417 704 1551 745 donec
1561 703 1674 745 veni-

322 779 385 812 ret
406 771 568 811 veritas.
592 769 984 811 AdvenitDominus
998 771 1142 820 Jesus,
1162 773 1232 828 qui
1251 773 1306 813 ait
1323 788 1331 813 :
1351 773 1463 830 «Ego
1482 787 1576 814 sum
1592 772 1674 821 via,

320 858 335 877 »
356 840 505 880 veritas
519 872 529 887 ,
553 848 594 880 et
609 839 692 880 vita
717 838 748 880 ².
765 839 904 890 »Quia
922 854 1007 880 11011
1028 849 1190 897 partem
1210 842 1401 899 exiguam
1420 842 1608 899 corporis
1630 841 1675 883 in

320 909 452 966 siguo,
474 911 547 951 sed
571 917 704 950 totum
727 909 1218 952 circumcidithominem
1237 912 1279 952 111
1294 911 1486 960 veritate,
1507 911 1673 969 signum

320 980 524 1024 detraxit,
549 979 772 1020 veritatem
804 979 990 1028 induxit3
1019 980 1115 1036 quia
1136 988 1407 1037 posteaquam
1429 981 1542 1022 venit
1562 981 1679 1037 quod

320 1049 557 1105 perfectum
581 1057 660 1098 est,
686 1049 799 1105 quod
823 1056 1005 1105 exparte
1030 1056 1119 1090 erat
1140 1057 1388 1090 evacuatum
1411 1057 1497 1096 est,·
1523 1057 1564 1092 et
1581 1049 1676 1092 ideo

323 1119 499 1160 cessavit
529 1118 794 1160 circumcisio
824 1118 974 1175 partis,
1000 1118 1072 1159 ubi
1101 1117 1261 1160 refulsit
1293 1118 1557 1160 circumcisio
1579 1119 1679 1161 uni-

324 1185 542 1229 x³e1‘sitatis.
573 1188 668 1229 Jam
691 1187 804 1229 enim
826 1203 909 1228 11011
936 1203 986 1229 ex
1005 1196 1142 1244 parte,
1169 1189 1241 1229 sed
1262 1195 1373 1229 totus
1396 1188 1523 1230 homo
1546 1190 1682 1231 salva-

323 1266 392 1299 tur
418 1258 459 1298 iu
492 1273 692 1315 corpore,
725 1259 906 1299 salvatur
935 1257 978 1298 iu
1011 1257 1160 1298 anima.
1197 1257 1412 1314 Scriptum
1439 1267 1502 1300 cst
1535 1259 1647 1300 enim
1667 1274 1676 1300 :

336 1347 351 1366 «
366 1328 449 1379 Qui
467 1330 555 1369 vult
574 1336 668 1386 post
690 1342 759 1370 me
781 1327 939 1377 venire,
956 1327 1132 1384 abneget
1155 1343 1198 1369 se
1215 1328 1367 1385 ipsum,
1391 1336 1433 1369 et
1453 1330 1570 1370 tollat
1592 1344 1684 1371 cru-

325 1418 341 1436 »
356 1414 447 1440 cem
470 1414 603 1447 suam,
630 1407 671 1440 et
695 1406 893 1455 sequatur
916 1413 985 1440 me
1003 1397 1031 1440 ⁵.
1053 1399 1179 1440 »Haec
1203 1407 1265 1440 est
1281 1398 1485 1456 perfectio
1505 1400 1683 1443 circum-

328 1470 517 1515 cisionis:
546 1470 641 1526 quia
674 1485 747 1526 por
771 1469 958 1526 corporis
987 1469 1243 1510 oblationem
1275 1469 1495 1511 redimitur
1524 1470 1682 1519 anima,

330 1541 380 1580 de
403 1555 483 1596 qua
507 1540 594 1596 ipse
612 1539 816 1582 Dominus
841 1539 897 1580 ait
924 1554 966 1580 :«
993 1538 1075 1590 Qui
1097 1538 1326 1596 perdiderit
1357 1539 1539 1581 animam
1566 1555 1686 1583 suam

331 1628 346 1647 »
361 1619 531 1667 propter
549 1625 632 1659 me,
654 1610 836 1651 inveniet
853 1625 945 1651 eam
963 1609 991 1651 ¹⁸.
1015 1628 1030 1649 »

389 1680 530 1722 XXX.
560 1681 759 1737 Superest
781 1680 850 1721 illa
874 1694 986 1721 nune
1008 1679 1246 1736 quaestionis
1268 1680 1421 1738 portio,
1445 1689 1589 1722 utrum
1613 1682 1687 1722 (10-

331 1749 471 1792 buerit
493 1766 587 1807 pars
610 1750 822 1807 prcemitti,
842 1765 939 1791 cum
961 1758 1067 1791 esset
1088 1758 1262 1792 ventura
1283 1749 1499 1807 perfectio.
1515 1750 1600 1802 Qui
1622 1752 1685 1792 lo·
1739 1783 1740 1789 ,

333 1836 406 1862 0115
427 1821 555 1863 facilis
577 1829 640 1863 051
665 1822 717 1862 ad
738 1821 1009 1869 diluendum,
1036 1820 1068 1862 si
1087 1820 1399 1861 consideremus
1425 1821 1575 1877 quibus
1593 1835 1688 1878 pars

333 1893 528 1933 mandata
557 1891 623 1940 sit,
649 1891 800 1948 quibus
820 1899 979 1933 servata
1000 1890 1213 1948 perfectio.
1234 1890 1332 1932 Pars
1357 1889 1470 1931 enim
1491 1892 1690 1933 mandata

333 1970 394 2002 est
411 1962 643 2002 secundum
666 1963 801 2018 legem
825 1962 979 2017 populo
1001 1959 1026 2001 J
1031 1961 1270 2007 udaeorum,
1289 1959 1348 2000 illi
1377 1960 1479 2001 dura
1504 1960 1688 2009 cervice,

333 2032 390 2072 illi
410 2031 600 2080 infirmo,
624 2031 682 2073 illi
708 2032 778 2088 qui
800 2032 937 2073 Deum
959 2046 1082 2072 suum
1104 2046 1189 2072 non
1222 2030 1428 2087 cognovit.
1459 2029 1567 2072 Cum
1590 2045 1690 2088 ergo

333 2110 495 2158 partem
530 2116 614 2142 non
655 2101 841 2159 potuerit
881 2101 1085 2143 sustinere
1100 2133 1110 2148 ‚
1149 2102 1362 2157 quomodo
1391 2100 1692 2157 perfectionem

334 2187 497 2213 servare
523 2171 758 2229 potuisset?
792 2173 843 2213 L‘t
867 2172 898 2213 si
920 2173 1145 2228 puerulum
1169 2170 1317 2213 litteris
1345 2170 1532 2220 imbuas,
1557 2186 1578 2212 a
1606 2171 1692 2213 sin-

335 2241 440 2298 gulis
462 2242 699 2282 litterarum
720 2242 937 2284 elementis
958 2241 1245 2283 inchoandum
1261 2248 1324 2282 est
1342 2240 1432 2289 tibi,
1448 2248 1495 2282 ut
1512 2256 1533 2282 a
1554 2241 1692 2298 singu-

334 2312 383 2352 lis
407 2311 592 2368 apicibus
611 2312 662 2352 ad
681 2313 874 2368 syllabas,
892 2327 914 2353 a
940 2311 1109 2368 syllabis
1127 2326 1225 2352 eum
1243 2326 1318 2368 per
1333 2311 1527 2352 ordinem
1544 2312 1598 2352 ad
1613 2325 1692 2352 no-

336 2382 447 2422 mina
463 2414 473 2428 ,
494 2381 811 2438 orationemque
835 2382 1031 2424 deducas.
1060 2380 1146 2423 Nec
1166 2389 1305 2438 potest
1331 2396 1448 2423 mare
1471 2380 1694 2437 quisquam

338 2452 531 2508 navigare
554 2451 810 2509 intrepidus,
845 2452 923 2493 nisi
952 2451 1022 2508 qui
1057 2459 1151 2493 ante
1183 2451 1224 2492 in
1257 2450 1502 2492 fluminibus
1523 2449 1693 2507 naviga—-

339 2521 456 2563 verit.
485 2521 675 2578 Denique
696 2522 729 2565 si
750 2522 852 2580 quid
875 2530 946 2564 aut
967 2520 1219 2564 conficiendi
1242 2521 1416 2571 itineris,
1441 2528 1512 2563 aut
1527 2519 1692 2563 levandi

339 2591 476 2632 oneris
501 2607 631 2648 puero
660 2592 760 2635 velis
786 2591 1124 2650 provectiorique
1153 2592 1377 2639 mandare,
1401 2590 1609 2647 numquid
1634 2604 1691 2631 ae-

388 2689 398 2703 ¹
421 2681 512 2712 Rom.
532 2693 572 2717 lv,
592 2693 637 2715 11.
657 2701 694 2708 —-
715 2692 726 2705 ³
747 2683 839 2716 Joan.
857 2694 924 2720 xiv,
944 2684 974 2715 6.
993 2701 1032 2708 -—
1047 2684 1058 2704 3
1080 2683 1196 2717 Mauh.
1216 2694 1280 2720 xvi,
1301 2682 1352 2722 ²4·
1370 2700 1409 2707 ·-
1429 2683 1530 2716 ⁴Luc.
1551 2692 1596 2720 lx,
1617 2680 1668 2720 24.
