1742 3233
492 295 544 324 DE
578 293 784 323 Annum.
821 293 900 321 Lm.
938 295 964 322 1.
1316 281 1402 340 539

52 369 138 413 fflio
160 370 460 413 immolandam
479 371 656 413 obtulit:
686 372 758 413 sed
780 371 968 412 tentabat
981 369 1176 413 affectum
1193 372 1320 429 patris
1336 406 1346 421 ‚
1371 373 1406 416 si

51 440 129 484 Dei
145 449 352 497 ptaecepta
375 441 588 498 praeferret
605 440 711 489 filio,
731 433 808 481 nec
830 448 1013 497 paternae·
1028 439 1192 496 pietatis
1211 450 1404 484 contem-

36 509 235 567 -platione
265 511 349 552 vim
370 511 603 552 devotionis
624 509 870 552 inflecteret.

110 579 277 621 LXVII.
316 596 332 617 α
358 580 410 620 Et
435 580 537 622 dixit
565 581 616 622 ad
651 595 748 621 eum
777 594 786 620 :
814 578 1055 627 Abraham,
1083 578 1342 621 Abraham’!
1375 598 1390 619 »

51 648 315 706 Repetitione
347 650 526 692 nominis
567 658 752 692 mentem
779 649 953 698 excitat,
982 657 1028 690 ut
1056 657 1163 691 esset
1200 651 1395 706 paratior.

50 717 246 774 Denique
269 720 484 775 respondit
505 720 572 761 ille
597 735 606 760 t
642 737 658 757 «
677 720 786 761 Ecce
814 734 904 776 ego.
930 719 983 760 Et
1006 719 1108 760 dixit
1133 734 1144 759 t
1173 718 1330 776 Accipe
1361 718 1406 760 fi-

52 787 185 828 »lium
207 796 327 830 tuum
347 790 699 838 amantissimum,
726 804 850 845 quem
873 788 1059 830 dilexisti
1076 789 1213 837 Isaac,
1239 798 1281 830 et
1303 791 1406 832 vade

54 856 126 896 »in
148 864 304 918 terram
330 861 559 908 excelsam,
595 867 636 900 et
671 859 820 907 offeres
842 858 944 900 mihi
963 859 1088 907 ‚illum
1113 858 1408 901 holocaustum

53 926 126 967 »in
142 941 226 967 uno
251 921 460 969 montium
474 960 484 977 ,
508 944 635 984 quem
655 929 728 970 tibi
750 927 935 976 dixero&
959 946 975 966 »
998 928 1090 970 Non
1110 927 1205 968 sinit
1227 928 1408 970 otiosum

51 1012 142 1038 esse
164 996 368 1038 affectum
389 999 529 1055 patris.
558 999 591 1040 A
609 998 815 1055 principio
838 1013 936 1039 eum
963 998 1174 1045 stimulat,
1204 1006 1244 1038 et
1261 998 1409 1054 pungit

36 1067 217 1124 pietatis
241 1068 415 1116 aculeis,
439 1077 481 1110 ct
507 1068 581 1110 filii
602 1084 756 1118 nomen
780 1058 938 1109 addidit
966 1069 1017 1108 ad
1047 1081 1202 1108 nomen
1225 1067 1409 1108 necessi-

51 1137 237 1186 tudinis,
272 1147 319 1180 ut
350 1138 433 1180 vim
461 1139 627 1180 amoris.
655 1139 747 1181 Non
782 1138 878 1179 satis
899 1137 1060 1195 putavit
1083 1137 1233 1178 dixisse
1255 1136 1407 1186 filium,

53 1207 271 1265 adjungit,
308 1226 323 1247 ‹<
353 1209 696 1251 Amant-issimum
728 1225 854 1265 quem
883 1207 1061 1250 dilexisti
1092 1208 1219 1249 Isaac.
1245 1226 1260 1246 »
1298 1208 1414 1258 Quid.

0 1307 1 1315 ,
52 1285 116 1319 est
148 1279 264 1333 quod
285 1279 341 1320 ait
367 1293 376 1320 :
401 1280 573 1331 «Quem
596 1280 775 1321 dilexisti
805 1294 814 1319 z
845 1297 861 1317 »
884 1279 935 1319 Et
970 1294 1054 1319 non
1079 1278 1202 1325 dixit,
1239 1278 1412 1328 «Quem

59 1345 222 1403 diligis?
243 1365 258 1386 »
281 1347 506 1390 Possumus
527 1349 697 1405 quidem
718 1349 775 1389 uti
796 1350 847 1389 ad
870 1347 1157 1389 defensionem
1185 1345 1419 1403 Scripturae

0 1431 1 1456 l
57 1416 362 1459 consuetudine
394 1418 563 1467 divinae,
599 1419 693 1475 quia
724 1418 980 1475 praeteritum
1014 1418 1264 1474 plerumque
1294 1416 1412 1473 ponit

50 1500 132 1543 pro
149 1487 335 1529 venturis
358 1490 422 1529 vel
438 1489 735 1545 praesentibus,
761 1497 807 1529 ut
824 1488 865 1528 in
882 1487 1105 1543 Evangelio
1122 1487 1250 1527 habes
1272 1501 1280 1526 :
1299 1504 1313 1524 a
1336 1486 1413 1528 Hic

17 1564 27 1574 *
57 1564 150 1596 »est
171 1555 280 1597 filius
303 1571 421 1598 meus
443 1557 758 1605 dilectissimus,
786 1557 828 1598 in
851 1572 933 1613 quo
956 1555 1241 1613 complacui³;
1273 1574 1287 1594 »
1316 1569 1414 1597 cum

57 1624 203 1680 utique
235 1641 399 1683 semper
427 1627 470 1668 in
500 1627 604 1669 Filio
630 1629 793 1684 placeat
822 1627 956 1668 Pater.
997 1626 1049 1667 Et
1076 1626 1118 1666 in
1145 1625 1310 1666 Psalmo
1337 1625 1416 1666 ha—

57 1694 133 1737 hes
154 1710 162 1736 :
180 1712 196 1733 «
210 1696 537 1738 DixitDominus
555 1688 738 1738 Domino
759 1712 852 1738 meo
871 1711 880 1738 ε
897 1696 1006 1738 Sede
1019 1711 1037 1736 a
1052 1695 1206 1736 dextris
1217 1694 1340 1735 meis⁶
1359 1711 1370 1742 ;
1393 1713 1407 1734 »

59 1778 159 1807 cum
178 1781 344 1823 semper
365 1767 518 1808 sedeat.
542 1767 769 1824 Possumus
790 1775 931 1807 tamen
951 1773 992 1806 et
1014 1763 1346 1806 amantissimum
1365 1765 1418 1807 ad

59 1850 242 1893 praesens
275 1837 490 1893 accipere,
511 1845 551 1879 et
575 1852 700 1893 quem
725 1837 902 1878 dilexisti
927 1837 978 1876 ad
1001 1835 1066 1883 id,
1090 1842 1136 1875 ut
1157 1849 1241 1874 non
1265 1833 1424 1875 recenti

39 1905 244 1962 :quodam
268 1906 451 1963 impulsu
473 1907 649 1954 amoris,
675 1908 747 1948 sed
766 1906 911 1947 inolito
929 1905 999 1946 diu
1021 1913 1063 1946 et
1079 1904 1256 1961 probato
1281 1917 1422 1945 amore

59 1974 316 2032 significaret
340 1976 554 2018 dilecttun.
586 1977 713 2027 Quod
734 1976 845 2018 enim
879 1978 930 2018 ad
956 1983 1122 2032 tempus
1149 1982 1348 2031 augetur,
1374 1974 1427 2016 ad

59 2050 227 2101 tempus
255 2045 508 2087 resolvitur:
529 2048 644 2103 quod
676 2054 816 2088 autem
851 2046 922 2087 diu
957 2053 1026 2086 aut
1057 2059 1221 2101 semper
1241 2042 1423 2100 placuit,

62 2114 146 2157 cito
171 2116 330 2158 aboleri
355 2132 441 2158 non
467 2125 617 2174 potest.
644 2117 786 2159 Potest
808 2125 849 2158 et
872 2116 975 2157 illud
998 2130 1084 2157 non
1112 2115 1343 2156 absurdum
1364 2112 1429 2173 vi-

62 2185 180 2234 deri,
205 2185 302 2241 quia
325 2186 552 2228 morituros
575 2189 667 2245 plus
700 2187 924 2244 diligimus.
952 2186 1042 2227 Hoc
1065 2193 1153 2234 est,
1179 2198 1303 2240 quem
1335 2190 1429 2225 ante

41 2254 242 2298 --dilexisti
270 2271 280 2297 ε
305 2256 422 2312 quasi
444 2256 529 2313 jam
564 2258 707 2315 diligat
733 2254 1175 2298 immolandum-Nec
1200 2253 1332 2294 otiose
1354 2253 1430 2293 ad-

61 2326 170 2369 elidit
199 2341 355 2368 nomen
379 2327 513 2369 sancti
538 2328 676 2376 Isaac,
708 2327 790 2368 hoc
818 2334 904 2375 est,
934 2340 1032 2367 eum
1055 2338 1181 2381 quem
1209 2321 1430 2378 suscepisti

64 2397 118 2439 de
141 2411 270 2437 uxore
293 2397 488 2447 unicum,
520 2397 737 2455 suscepisti
765 2396 807 2437 in
838 2403 1071 2444 senectute,
1098 2391 1317 2449 suscepisti
1335 2400 1423 2433 tan-

49 2479 193 2523 —quam
205 2465 303 2508 fidei
316 2476 398 2510 tuae
406 2468 641 2526 praemium,
659 2465 1043 2509 remunerationem
1055 2478 1229 2522 operum
1245 2471 1431 2509 tuorum,

66 2536 288 2594 suscepisti
302 2553 354 2580 ex
364 2538 643 2596 promissione
651 2538 727 2581 Dei
741 2570 751 2587 ,
772 2551 865 2579 non
874 2534 1065 2592 conjugis
1080 2531 1377 2580 foecunditate,
1391 2544 1442 2573 ex

115 2635 127 2650 ·
148 2627 376 2670 Οωῐικιιμ.
403 2648 439 2655 -
459 2639 472 2654 ²
486 2629 579 2663 -1bid.
599 2642 631 2663 2.
648 2648 689 2654 —-
707 2630 720 2652 ³
735 2627 855 2661 Matth.
876 2636 928 2666 ιιῐ,
950 2636 999 2670 ¹7·
1016 2642 1057 2653 ευ
1075 2624 1188 2660 ΐΡδᾶῐ.
1204 2631 1270 2659 cxx,
1291 2632 1320 2657 ι.
