1742 3233
294 312 380 354 532
842 320 873 347 s.
913 319 1102 347 AMBnosu

294 402 374 459 gio.
408 417 422 438 (z
439 399 498 441 Ne
522 396 759 454 tetigeritis,
780 396 915 453 inquit
936 396 1183 453 Apostolus,
1205 411 1256 437 ne
1281 395 1644 445 attaminaveritis,

296 490 312 511 »
324 486 379 512 ne
391 467 652 526 gustaveritis
667 499 677 514 ,
698 481 789 523 quae
807 475 904 508 sunt
922 466 1060 508 onmia
1077 467 1129 508 ad
1147 467 1426 523 corruptelam
1443 466 1472 508 ¹.
1497 485 1511 505 »
1534 468 1649 524 Fuge

295 556 394 598 ergo
423 540 648 581 Sodomam
665 569 676 586 ,
700 538 888 594 relinque
917 553 1046 594 ocyus
1064 537 1344 578 Gomorrham
1358 570 1369 586 ,
1399 539 1541 579 desere
1563 539 1651 580 ele-

295 618 438 652 menta
461 608 588 664 hujus
610 607 774 655 mundi,
795 622 845 647 ne
869 616 906 648 te
925 606 1184 648 imminentia
1209 606 1419 648 involvant
1442 607 1646 664 pericula:

295 695 382 722 non
409 679 574 720 resistas
610 677 796 733 fugiens,
824 692 901 718 nec
925 677 967 718 in
997 685 1081 718 tota
1106 676 1297 718 vitiorum
1320 677 1488 735 regione
1513 692 1652 719 remo-

295 748 410 790 reris.
445 746 530 797 Qui
557 760 640 787 non
660 745 863 801 respexit,
882 746 1010 788 evasit
1037 761 1054 805 :>
1072 762 1162 803 quae
1183 746 1387 803 respexit,
1413 762 1497 806 non
1517 747 1652 804 potuit

296 819 488 860 evadere.

356 885 460 929 LYL
497 885 760 926 Excusantur
789 893 928 926 autem
954 884 1047 926 filiae
1071 886 1202 927 sancti
1225 886 1333 935 Lot,
1360 886 1455 942 quia
1479 877 1655 944 putave—

295 965 396 999 runt
419 971 503 997 non
525 955 671 996 vicinae
695 955 874 1012 regionis
889 988 899 1003 ,
925 958 997 997 sed
1018 956 1143 997 totius
1163 957 1274 999 orbis
1291 957 1414 998 fuisse
1430 957 1533 999 illud
1549 958 1656 999 exci-

297 1029 430 1076 dium,
456 1034 497 1067 et
512 1041 554 1066 se
577 1027 682 1066 solas
700 1040 797 1066 cum
820 1033 936 1083 patre
961 1027 1204 1082 superstites
1217 1043 1268 1068 ex
1281 1028 1474 1068 omnibus
1490 1028 1654 1084 populis

298 1098 560 1140 remansisse.
593 1096 644 1137 Et
668 1096 761 1137 ideo
786 1111 837 1137 ne-
860 1103 989 1153 genus
1018 1095 1217 1138 deficeret
1240 1097 1474 1138 humanum
1489 1130 1498 1145 ,
1522 1105 1656 1154 pater—

297 1183 400 1208 num
427 1166 594 1223 petiisse
618 1166 892 1207 concubitum
911 1184 922 1215 ς
943 1175 985 1208 ut
1006 1182 1145 1207 semen
1163 1167 1443 1223 generationis
1461 1167 1654 1208 humana>

298 1238 350 1279 de
374 1245 491 1294 patre
515 1250 588 1288 suo
610 1236 920 1277 resuscitarent.
951 1236 1042 1278 Non
1062 1252 1160 1293 ergo
1183 1236 1366 1278 libidinis
1383 1237 1530 1278 ‘fitium
1553 1236 1652 1286 suit,

298 1309 371 1349 sed
388 1307 666 1364 generationis
689 1307 924 1348 remedium
942 1341 951 1355 ‚
977 1309 1090 1363 quod
1117 1323 1200 1349 non
1223 1316 1325 1364 puto
1353 1307 1536 1349 criminis
1559 1307 1657 1349 duci

295 1381 406 1421 loco.
441 1378 545 1419 Nam
573 1385 614 1418 ct
639 1377 722 1418 Eva
747 1379 797 1418 de
829 1378 918 1419 viro
941 1386 1179 1434 assumpta,
1204 1394 1326 1435 supra
1355 1378 1475 1435 cujus
1497 1367 1656 1420 costam

296 1448 501 1491 {edificata
528 1456 590 1489 est
607 1447 781 1495 mulier,
806 1463 850 1489 os
874 1449 926 1489 de
954 1448 1114 1489 ossibus
1136 1448 1246 1505 ejus,
1273 1457 1311 1490 et
1337 1464 1433 1490 caro
1457 1450 1509 1490 de
1532 1463 1657 1491 carne

297 1520 425 1577 ejus3
463 1529 601 1560 tamen
635 1526 809 1575 propter
850 1519 999 1560 seriem
1034 1518 1307 1560 successionis
1344 1519 1536 1560 humanae
1570 1518 1656 1559 νίιό

298 1591 427 1632 mixta
466 1598 540 1631 est.
580 1587 842 1629 Subducitur
879 1597 1017 1629 tamen
1053 1589 1151 1630 hnic
1189 1588 1368 1630 admisso
1404 1587 1660 1630 conscientia

298 1662 375 1703 viri
408 1659 539 1716 justi3
574 1659 802 1700 inebriatus
839 1658 950 1699 enim
976 1657 1075 1700 vino
1105 1659 1207 1715 quid
1234 1666 1398 1716 gereret
1427 1657 1652 1699 nesciebat.

297 1733 419 1774 Unde
441 1746 525 1771 non
556 1730 711 1770 mirum
736 1730 767 1771 si
794 1731 952 1786 puellas
977 1729 1142 1786 decepit
1164 1729 1327 1786 opinio,
1353 1745 1443 1786 quae
1462 1735 1660 1785 putarent

299 1803 426 1845 totius
451 1802 627 1858 populos
656 1800 767 1841 orbis
792 1800 974 1856 periisse.
1011 1799 1100 1841 Non
1122 1801 1267 1841 eadem
1291 1807 1397 1840 esset
1424 1799 1502 1840 Lot
1527 1797 1659 1839 sancti

300 1871 530 1919 excusatio,
550 1870 620 1926 qui
639 1870 826 1911 audierat
841 1870 891 1911 ab
908 1869 1077 1926 Angelis
1100 1870 1244 1911 locufn
1264 1869 1399 1917 illum,
1420 1883 1505 1910 non
1523 1876 1662 1910 totum

302 1959 404 1986 mun
413 1944 512 1983 dum
535 1955 625 1981 esse
644 1940 892 1997 periturum.

361 2013 487 2056 LYII.
526 2011 634 2052 Sane
661 2009 858 2051 discimus
889 2009 1101 2050 vitandam
1128 2008 1400 2057 ebrietatem,
1431 2024 1506 2065 per
1536 2022 1662 2065 quam

305 2084 483 2127 crimina
513 2096 658 2123 cavere
680 2095 764 2121 non
786 2095 1019 2137 possumus.
1047 2079 1151 2121 Nam
1175 2094 1267 2135 quae
1289 2078 1417 2120 sobrii
1441 2094 1659 2127 cavemus,

306 2172 382 2214 per
405 2154 651 2196 ebrietatem
680 2152 915 2208 ignorantes
944 2149 1259 2192 committimus.
1294 2149 1447 2191 Parum
1468 2158 1529 2191 est
1551 2149 1664 2206 quod

306 2242 356 2268 ea
395 2223 628 2265 inflammat
659 2220 901 2268 libidinem,
937 2220 1128 2262 accendit
1156 2219 1404 2277 cupiditates
1443 2219 1658 2277 corporis:

308 2295 443 2353 ipsam
465 2307 632 2349 quoque
650 2286 832 2332 mentem
856 2290 1040 2338 subruit,
1066 2299 1107 2332 ct
1131 2289 1316 2331 animum
1335 2289 1470 2347 capit,
1495 2303 1664 2330 sensum

309 2371 542 2420 extorquet.
575 2361 774 2404 Nesciunt
798 2360 899 2417 quid
921 2362 1147 2416 loquantur
1171 2360 1242 2417 qui
1265 2359 1394 2401 nimio
1410 2360 1506 2401 vino
1524 2359 1665 2401 indul-

309 2442 436 2493 gent,
459 2433 601 2490 jacent
623 2431 786 2488 sepulti.
818 2430 1002 2486 Ideoque
1025 2430 1158 2486 siqua
1196 2446 1270 2487 per
1301 2430 1444 2472 vinum
1476 2430 1666 2486 delique-

313 2506 397 2548 rint
410 2538 420 2553 ,
441 2504 552 2561 apud
569 2502 776 2560 sapientes
797 2500 960 2558 judices
977 2499 1094 2542 venia
1110 2500 1279 2557 quidem
1297 2500 1405 2549 sacta
1423 2500 1632 2546 donantur
1652 2515 1662 2541 :

353 2626 370 2655 ξ
390 2618 512 2652 001055.
532 2628 570 2659 1¹,
587 2628 639 2652 αι.
