<?xml version="1.0" encoding="UTF-8"?>
<!DOCTYPE html PUBLIC "-//W3C//DTD XHTML 1.0 Transitional//EN"
    "http://www.w3.org/TR/xhtml1/DTD/xhtml1-transitional.dtd">
<html xmlns="http://www.w3.org/1999/xhtml" xml:lang="en" lang="en">
 <head>
  <title>
</title>
<meta http-equiv="Content-Type" content="text/html;charset=utf-8" />
  <meta name='ocr-system' content='tesseract 3.04.00' />
  <meta name='ocr-capabilities' content='ocr_page ocr_carea ocr_par ocr_line ocrx_word'/>
</head>
<body>
  <div class='ocr_page' id='page_1' title='image "./omniaequaeextant01ambruoft_0581.png"; bbox 0 0 1742 3233; ppageno 0'>
   <div class='ocr_carea' id='block_1_1' title="bbox 520 213 1442 271">
    <p class='ocr_par' dir='ltr' id='par_1_1' title="bbox 520 213 1442 271">
     <span class='ocr_line' id='line_1_1' title="bbox 520 213 1442 271; baseline 0 -17"><span class='ocrx_word' id='word_1_1' title='bbox 520 228 572 254; x_wconf 82' lang='lat' dir='ltr'>DE</span> <span class='ocrx_word' id='word_1_2' title='bbox 608 226 816 257; x_wconf 65' lang='lat' dir='ltr'>Ananim.</span> <span class='ocrx_word' id='word_1_3' title='bbox 856 226 934 253; x_wconf 75' lang='lat' dir='ltr'>Lm.</span> <span class='ocrx_word' id='word_1_4' title='bbox 974 227 998 253; x_wconf 88' lang='lat'>1.</span> <span class='ocrx_word' id='word_1_5' title='bbox 1359 213 1442 271; x_wconf 68' lang='lat'>549</span> 
     </span>
    </p>
   </div>
   <div class='ocr_carea' id='block_1_2' title="bbox 81 302 1446 2379">
    <p class='ocr_par' dir='ltr' id='par_1_2' title="bbox 81 302 1446 2379">
     <span class='ocr_line' id='line_1_2' title="bbox 90 302 1442 362; baseline -0.001 -16"><span class='ocrx_word' id='word_1_6' title='bbox 90 303 280 362; x_wconf 84' lang='lat' dir='ltr'>pleverit.</span> <span class='ocrx_word' id='word_1_7' title='bbox 296 303 453 346; x_wconf 82' lang='lat' dir='ltr'>Tamen</span> <span class='ocrx_word' id='word_1_8' title='bbox 470 310 658 360; x_wconf 85' lang='lat' dir='ltr'>spectare</span> <span class='ocrx_word' id='word_1_9' title='bbox 675 303 773 344; x_wconf 86' lang='lat' dir='ltr'>licet</span> <span class='ocrx_word' id='word_1_10' title='bbox 786 302 983 343; x_wconf 75' lang='lat' dir='ltr'>Ecclesiae</span> <span class='ocrx_word' id='word_1_11' title='bbox 1001 302 1212 358; x_wconf 78' lang='lat' dir='ltr'>mysteria.</span> <span class='ocrx_word' id='word_1_12' title='bbox 1239 303 1317 344; x_wconf 74' lang='lat' dir='ltr'>[hi</span> <span class='ocrx_word' id='word_1_13' title='bbox 1333 303 1442 345; x_wconf 81' lang='lat' dir='ltr'>inve-</span> 
     </span>
     <span class='ocr_line' id='line_1_3' title="bbox 89 371 1445 429; baseline -0.001 -15"><span class='ocrx_word' id='word_1_14' title='bbox 89 373 204 414; x_wconf 88' lang='lat' dir='ltr'><strong>nitur</strong></span> <span class='ocrx_word' id='word_1_15' title='bbox 221 373 426 421; x_wconf 88' lang='lat' dir='ltr'>Ecelesia,</span> <span class='ocrx_word' id='word_1_16' title='bbox 448 372 526 414; x_wconf 90' lang='lat' dir='ltr'>nisi</span> <span class='ocrx_word' id='word_1_17' title='bbox 545 373 586 413; x_wconf 87' lang='lat' dir='ltr'>in</span> <span class='ocrx_word' id='word_1_18' title='bbox 604 371 931 429; x_wconf 71' lang='lat' dir='ltr'>Mesopotamia?</span> <span class='ocrx_word' id='word_1_19' title='bbox 950 371 1012 412; x_wconf 92' lang='lat' dir='ltr'>Ibi</span> <span class='ocrx_word' id='word_1_20' title='bbox 1030 372 1245 428; x_wconf 83' lang='lat' dir='ltr'>quaeritur,</span> <span class='ocrx_word' id='word_1_21' title='bbox 1270 371 1366 414; x_wconf 87' lang='lat' dir='ltr'>indo</span> <span class='ocrx_word' id='word_1_22' title='bbox 1384 387 1445 412; x_wconf 88' lang='lat' dir='ltr'>ar-</span> 
     </span>
     <span class='ocr_line' id='line_1_4' title="bbox 90 440 1446 498; baseline -0.001 -15"><span class='ocrx_word' id='word_1_23' title='bbox 90 442 282 489; x_wconf 83' lang='lat' dir='ltr'>cersitur,</span> <span class='ocrx_word' id='word_1_24' title='bbox 304 442 361 483; x_wconf 88' lang='lat' dir='ltr'>ibi</span> <span class='ocrx_word' id='word_1_25' title='bbox 385 442 548 483; x_wconf 86' lang='lat' dir='ltr'>duobus</span> <span class='ocrx_word' id='word_1_26' title='bbox 567 441 745 498; x_wconf 81' lang='lat' dir='ltr'>stipatur</span> <span class='ocrx_word' id='word_1_27' title='bbox 761 440 1023 489; x_wconf 83' lang='lat' dir='ltr'>fluminibus,</span> <span class='ocrx_word' id='word_1_28' title='bbox 1047 442 1212 482; x_wconf 84' lang='lat' dir='ltr'>lavacro</span> <span class='ocrx_word' id='word_1_29' title='bbox 1230 440 1385 498; x_wconf 81' lang='lat' dir='ltr'>gratiae,</span> <span class='ocrx_word' id='word_1_30' title='bbox 1404 449 1446 482; x_wconf 86' lang='lat' dir='ltr'>et</span> 
     </span>
     <span class='ocr_line' id='line_1_5' title="bbox 88 511 1440 568; baseline -0.001 -15"><span class='ocrx_word' id='word_1_31' title='bbox 88 511 192 553; x_wconf 88' lang='lat' dir='ltr'>ssetu</span> <span class='ocrx_word' id='word_1_32' title='bbox 215 512 481 568; x_wconf 60' lang='lat' dir='ltr'>poenitentiae.</span> <span class='ocrx_word' id='word_1_33' title='bbox 511 511 676 553; x_wconf 84' lang='lat' dir='ltr'>Etenim</span> <span class='ocrx_word' id='word_1_34' title='bbox 701 511 779 552; x_wconf 91' lang='lat' dir='ltr'>nisi</span> <span class='ocrx_word' id='word_1_35' title='bbox 803 519 977 568; x_wconf 83' lang='lat' dir='ltr'>peccata</span> <span class='ocrx_word' id='word_1_36' title='bbox 1007 512 1172 568; x_wconf 86' lang='lat' dir='ltr'>propria</span> <span class='ocrx_word' id='word_1_37' title='bbox 1198 511 1413 553; x_wconf 75' lang='lat' dir='ltr'>defleveris</span> <span class='ocrx_word' id='word_1_38' title='bbox 1431 543 1440 558; x_wconf 90' lang='lat'><em>‚</em></span> 
     </span>
     <span class='ocr_line' id='line_1_6' title="bbox 88 580 1443 638; baseline 0 -16"><span class='ocrx_word' id='word_1_39' title='bbox 88 581 166 622; x_wconf 88' lang='lat' dir='ltr'>nisi</span> <span class='ocrx_word' id='word_1_40' title='bbox 183 581 357 638; x_wconf 84' lang='lat' dir='ltr'>gratiam</span> <span class='ocrx_word' id='word_1_41' title='bbox 375 581 635 638; x_wconf 84' lang='lat' dir='ltr'>baptismatis</span> <span class='ocrx_word' id='word_1_42' title='bbox 659 580 869 637; x_wconf 87' lang='lat' dir='ltr'>acceperis</span> <span class='ocrx_word' id='word_1_43' title='bbox 886 613 896 628; x_wconf 90' lang='lat'>,</span> <span class='ocrx_word' id='word_1_44' title='bbox 915 594 999 621; x_wconf 90' lang='lat' dir='ltr'>non</span> <span class='ocrx_word' id='word_1_45' title='bbox 1023 580 1099 621; x_wconf 83' lang='lat' dir='ltr'>tibi</span> <span class='ocrx_word' id='word_1_46' title='bbox 1123 581 1354 636; x_wconf 83' lang='lat' dir='ltr'>acquiritur</span> <span class='ocrx_word' id='word_1_47' title='bbox 1368 580 1443 622; x_wconf 88' lang='lat' dir='ltr'>Ec-</span> 
     </span>
     <span class='ocr_line' id='line_1_7' title="bbox 88 650 1443 707; baseline -0.001 -15"><span class='ocrx_word' id='word_1_48' title='bbox 88 651 223 692; x_wconf 82' lang='lat' dir='ltr'>clesiae</span> <span class='ocrx_word' id='word_1_49' title='bbox 246 650 364 699; x_wconf 87' lang='lat' dir='ltr'>fides,</span> <span class='ocrx_word' id='word_1_50' title='bbox 393 659 434 693; x_wconf 92' lang='lat' dir='ltr'>et</span> <span class='ocrx_word' id='word_1_51' title='bbox 461 653 652 707; x_wconf 83' lang='lat' dir='ltr'>quaedam</span> <span class='ocrx_word' id='word_1_52' title='bbox 687 650 918 706; x_wconf 81' lang='lat' dir='ltr'>conjugalis</span> <span class='ocrx_word' id='word_1_53' title='bbox 945 651 1107 707; x_wconf 86' lang='lat' dir='ltr'>copula.</span> <span class='ocrx_word' id='word_1_54' title='bbox 1136 650 1330 691; x_wconf 88' lang='lat' dir='ltr'>Muniunt</span> <span class='ocrx_word' id='word_1_55' title='bbox 1350 665 1443 691; x_wconf 87' lang='lat' dir='ltr'>eam</span> 
     </span>
     <span class='ocr_line' id='line_1_8' title="bbox 88 720 1440 777; baseline -0.001 -15"><span class='ocrx_word' id='word_1_56' title='bbox 88 720 251 777; x_wconf 70' lang='lat' dir='ltr'>Tygris,</span> <span class='ocrx_word' id='word_1_57' title='bbox 277 720 360 762; x_wconf 87' lang='lat' dir='ltr'>hoc</span> <span class='ocrx_word' id='word_1_58' title='bbox 377 729 455 768; x_wconf 82' lang='lat' dir='ltr'>est,</span> <span class='ocrx_word' id='word_1_59' title='bbox 478 720 717 777; x_wconf 87' lang='lat' dir='ltr'>prudentia,</span> <span class='ocrx_word' id='word_1_60' title='bbox 736 728 778 761; x_wconf 81' lang='lat' dir='ltr'>et</span> <span class='ocrx_word' id='word_1_61' title='bbox 794 720 1044 776; x_wconf 76' lang='lat' dir='ltr'><strong>Euphrates,</strong></span> <span class='ocrx_word' id='word_1_62' title='bbox 1070 720 1150 761; x_wconf 87' lang='lat' dir='ltr'>hoc</span> <span class='ocrx_word' id='word_1_63' title='bbox 1169 728 1245 768; x_wconf 87' lang='lat' dir='ltr'>est,</span> <span class='ocrx_word' id='word_1_64' title='bbox 1264 720 1440 775; x_wconf 88' lang='lat' dir='ltr'>justitia,</span> 
     </span>
     <span class='ocr_line' id='line_1_9' title="bbox 87 790 1378 848; baseline 0 -17"><span class='ocrx_word' id='word_1_65' title='bbox 87 799 128 832; x_wconf 78' lang='lat' dir='ltr'>ot</span> <span class='ocrx_word' id='word_1_66' title='bbox 144 790 393 832; x_wconf 86' lang='lat' dir='ltr'>illuminatio</span> <span class='ocrx_word' id='word_1_67' title='bbox 423 791 660 838; x_wconf 87' lang='lat' dir='ltr'>fructuosa,</span> <span class='ocrx_word' id='word_1_68' title='bbox 695 805 716 831; x_wconf 85' lang='lat' dir='ltr'>a</span> <span class='ocrx_word' id='word_1_69' title='bbox 737 790 925 831; x_wconf 78' lang='lat' dir='ltr'>barbarIS</span> <span class='ocrx_word' id='word_1_70' title='bbox 949 805 1143 847; x_wconf 88' lang='lat' dir='ltr'>separans</span> <span class='ocrx_word' id='word_1_71' title='bbox 1174 791 1378 848; x_wconf 79' lang='lat' dir='ltr'>gentibus.</span> 
     </span>
     <span class='ocr_line' id='line_1_10' title="bbox 143 858 1444 916; baseline -0.001 -15"><span class='ocrx_word' id='word_1_72' title='bbox 143 858 418 901; x_wconf 71' lang='lat' dir='ltr'><strong>LXXXVIII.</strong></span> <span class='ocrx_word' id='word_1_73' title='bbox 438 876 453 896; x_wconf 91' lang='lat'>«</span> <span class='ocrx_word' id='word_1_74' title='bbox 474 859 600 916; x_wconf 75' lang='lat' dir='ltr'>Virgo</span> <span class='ocrx_word' id='word_1_75' title='bbox 626 867 764 904; x_wconf 87' lang='lat' dir='ltr'>autem</span> <span class='ocrx_word' id='word_1_76' title='bbox 793 859 978 916; x_wconf 83' lang='lat' dir='ltr'>speciosa</span> <span class='ocrx_word' id='word_1_77' title='bbox 1009 860 1149 907; x_wconf 72' lang='lat' dir='ltr'>valde,</span> <span class='ocrx_word' id='word_1_78' title='bbox 1175 859 1295 915; x_wconf 86' lang='lat' dir='ltr'>cujus</span> <span class='ocrx_word' id='word_1_79' title='bbox 1324 861 1444 900; x_wconf 86' lang='lat' dir='ltr'>deco-</span> 
     </span>
     <span class='ocr_line' id='line_1_11' title="bbox 87 929 1444 985; baseline 0 -15"><span class='ocrx_word' id='word_1_80' title='bbox 87 943 178 970; x_wconf 89' lang='lat' dir='ltr'>rem</span> <span class='ocrx_word' id='word_1_81' title='bbox 205 930 318 969; x_wconf 89' lang='lat' dir='ltr'>nulla</span> <span class='ocrx_word' id='word_1_82' title='bbox 349 929 538 985; x_wconf 87' lang='lat' dir='ltr'>corrupit</span> <span class='ocrx_word' id='word_1_83' title='bbox 565 937 676 970; x_wconf 84' lang='lat' dir='ltr'>aetas.</span> <span class='ocrx_word' id='word_1_84' title='bbox 711 929 909 985; x_wconf 83' lang='lat' dir='ltr'>Speciosa</span> <span class='ocrx_word' id='word_1_85' title='bbox 942 930 1084 976; x_wconf 72' lang='lat' dir='ltr'>valde3</span> <span class='ocrx_word' id='word_1_86' title='bbox 1109 929 1203 985; x_wconf 86' lang='lat' dir='ltr'>quia</span> <span class='ocrx_word' id='word_1_87' title='bbox 1233 929 1444 985; x_wconf 85' lang='lat' dir='ltr'>speciosus</span> 
     </span>
     <span class='ocr_line' id='line_1_12' title="bbox 85 997 1441 1055; baseline 0.001 -16"><span class='ocrx_word' id='word_1_88' title='bbox 85 1007 127 1040; x_wconf 86' lang='lat' dir='ltr'>et</span> <span class='ocrx_word' id='word_1_89' title='bbox 143 998 210 1039; x_wconf 79' lang='lat' dir='ltr'>ille</span> <span class='ocrx_word' id='word_1_90' title='bbox 233 1013 316 1055; x_wconf 79' lang='lat' dir='ltr'>prae</span> <span class='ocrx_word' id='word_1_91' title='bbox 337 997 430 1039; x_wconf 80' lang='lat' dir='ltr'>filiis</span> <span class='ocrx_word' id='word_1_92' title='bbox 449 999 668 1040; x_wconf 87' lang='lat' dir='ltr'>hominum</span> <span class='ocrx_word' id='word_1_93' title='bbox 685 1031 696 1046; x_wconf 91' lang='lat'>,</span> <span class='ocrx_word' id='word_1_94' title='bbox 718 999 789 1054; x_wconf 89' lang='lat' dir='ltr'>qui</span> <span class='ocrx_word' id='word_1_95' title='bbox 810 1014 902 1039; x_wconf 81' lang='lat' dir='ltr'>eam</span> <span class='ocrx_word' id='word_1_96' title='bbox 921 998 1137 1053; x_wconf 70' lang='lat' dir='ltr'>acquisivit</span> <span class='ocrx_word' id='word_1_97' title='bbox 1154 998 1242 1039; x_wconf 83' lang='lat' dir='ltr'>sihi.</span> <span class='ocrx_word' id='word_1_98' title='bbox 1264 1017 1279 1036; x_wconf 89' lang='lat'>«</span> <span class='ocrx_word' id='word_1_99' title='bbox 1302 999 1441 1049; x_wconf 83' lang='lat' dir='ltr'>Quam</span> 
     </span>
     <span class='ocr_line' id='line_1_13' title="bbox 85 1057 1442 1124; baseline 0.001 -18"><span class='ocrx_word' id='word_1_100' title='bbox 85 1068 175 1108; x_wconf 75' lang='lat' dir='ltr'>»vir</span> <span class='ocrx_word' id='word_1_101' title='bbox 201 1083 285 1109; x_wconf 90' lang='lat' dir='ltr'>non</span> <span class='ocrx_word' id='word_1_102' title='bbox 313 1076 589 1124; x_wconf 83' lang='lat' dir='ltr'>cognoverat3</span> <span class='ocrx_word' id='word_1_103' title='bbox 620 1067 753 1108; x_wconf 85' lang='lat' dir='ltr'>»nulli</span> <span class='ocrx_word' id='word_1_104' title='bbox 777 1057 894 1108; x_wconf 63' lang='lat' dir='ltr'>&gt;enim</span> <span class='ocrx_word' id='word_1_105' title='bbox 928 1067 1015 1107; x_wconf 80' lang='lat' dir='ltr'>viro</span> <span class='ocrx_word' id='word_1_106' title='bbox 1051 1075 1141 1108; x_wconf 86' lang='lat' dir='ltr'>erat</span> <span class='ocrx_word' id='word_1_107' title='bbox 1170 1068 1321 1122; x_wconf 86' lang='lat' dir='ltr'>copula</span> <span class='ocrx_word' id='word_1_108' title='bbox 1353 1067 1442 1122; x_wconf 83' lang='lat' dir='ltr'>ejus</span> 
     </span>
     <span class='ocr_line' id='line_1_14' title="bbox 85 1135 1433 1192; baseline -0.002 -14"><span class='ocrx_word' id='word_1_109' title='bbox 85 1136 244 1178; x_wconf 80' lang='lat' dir='ltr'>sedsoli</span> <span class='ocrx_word' id='word_1_110' title='bbox 259 1136 424 1178; x_wconf 83' lang='lat' dir='ltr'>Christo</span> <span class='ocrx_word' id='word_1_111' title='bbox 439 1136 592 1178; x_wconf 86' lang='lat' dir='ltr'>debita.</span> <span class='ocrx_word' id='word_1_112' title='bbox 613 1136 837 1192; x_wconf 74' lang='lat' dir='ltr'>«Hydriam</span> <span class='ocrx_word' id='word_1_113' title='bbox 854 1135 1011 1176; x_wconf 87' lang='lat' dir='ltr'>habens</span> <span class='ocrx_word' id='word_1_114' title='bbox 1024 1151 1149 1192; x_wconf 79' lang='lat' dir='ltr'>super</span> <span class='ocrx_word' id='word_1_115' title='bbox 1160 1136 1403 1184; x_wconf 83' lang='lat' dir='ltr'>humerum,</span> <span class='ocrx_word' id='word_1_116' title='bbox 1418 1155 1433 1174; x_wconf 76' lang='lat' dir='ltr'>n</span> 
     </span>
     <span class='ocr_line' id='line_1_15' title="bbox 84 1205 1443 1262; baseline -0.001 -15"><span class='ocrx_word' id='word_1_117' title='bbox 84 1221 165 1262; x_wconf 84' lang='lat' dir='ltr'>qua</span> <span class='ocrx_word' id='word_1_118' title='bbox 187 1208 296 1248; x_wconf 84' lang='lat' dir='ltr'>lavat</span> <span class='ocrx_word' id='word_1_119' title='bbox 325 1214 441 1247; x_wconf 85' lang='lat' dir='ltr'>actus</span> <span class='ocrx_word' id='word_1_120' title='bbox 464 1206 698 1248; x_wconf 88' lang='lat' dir='ltr'>hominum.</span> <span class='ocrx_word' id='word_1_121' title='bbox 721 1206 773 1246; x_wconf 83' lang='lat' dir='ltr'>Et</span> <span class='ocrx_word' id='word_1_122' title='bbox 800 1205 896 1261; x_wconf 79' lang='lat' dir='ltr'>quia</span> <span class='ocrx_word' id='word_1_123' title='bbox 921 1221 971 1246; x_wconf 81' lang='lat' dir='ltr'>ex</span> <span class='ocrx_word' id='word_1_124' title='bbox 996 1206 1317 1262; x_wconf 78' lang='lat' dir='ltr'>congregatione</span> <span class='ocrx_word' id='word_1_125' title='bbox 1342 1221 1443 1262; x_wconf 84' lang='lat' dir='ltr'>gen-</span> 
     </span>
     <span class='ocr_line' id='line_1_16' title="bbox 84 1274 1445 1332; baseline -0.001 -15"><span class='ocrx_word' id='word_1_126' title='bbox 84 1276 219 1317; x_wconf 79' lang='lat' dir='ltr'>tilium</span> <span class='ocrx_word' id='word_1_127' title='bbox 236 1284 419 1324; x_wconf 86' lang='lat' dir='ltr'>constat,</span> <span class='ocrx_word' id='word_1_128' title='bbox 444 1292 525 1332; x_wconf 87' lang='lat' dir='ltr'>qua</span> <span class='ocrx_word' id='word_1_129' title='bbox 549 1291 644 1317; x_wconf 88' lang='lat' dir='ltr'>suos</span> <span class='ocrx_word' id='word_1_130' title='bbox 662 1275 783 1321; x_wconf 77' lang='lat' dir='ltr'>lavit,</span> <span class='ocrx_word' id='word_1_131' title='bbox 806 1275 900 1315; x_wconf 83' lang='lat' dir='ltr'>ideo</span> <span class='ocrx_word' id='word_1_132' title='bbox 921 1275 1022 1331; x_wconf 81' lang='lat' dir='ltr'>legis</span> <span class='ocrx_word' id='word_1_133' title='bbox 1039 1307 1050 1322; x_wconf 90' lang='lat'>,</span> <span class='ocrx_word' id='word_1_134' title='bbox 1070 1274 1165 1330; x_wconf 86' lang='lat' dir='ltr'>quia</span> <span class='ocrx_word' id='word_1_135' title='bbox 1181 1292 1195 1312; x_wconf 87' lang='lat'>«</span> <span class='ocrx_word' id='word_1_136' title='bbox 1217 1275 1445 1316; x_wconf 75' lang='lat' dir='ltr'>Descendit</span> 
     </span>
     <span class='ocr_line' id='line_1_17' title="bbox 84 1344 1445 1401; baseline 0.001 -17"><span class='ocrx_word' id='word_1_137' title='bbox 84 1348 165 1387; x_wconf 57' lang='lat' dir='ltr'>„ad</span> <span class='ocrx_word' id='word_1_138' title='bbox 189 1345 372 1393; x_wconf 88' lang='lat' dir='ltr'>fontem,</span> <span class='ocrx_word' id='word_1_139' title='bbox 397 1354 439 1387; x_wconf 85' lang='lat' dir='ltr'>et</span> <span class='ocrx_word' id='word_1_140' title='bbox 465 1345 649 1401; x_wconf 83' lang='lat' dir='ltr'>implevit</span> <span class='ocrx_word' id='word_1_141' title='bbox 671 1344 865 1401; x_wconf 64' lang='lat' dir='ltr'>hydriam</span> <span class='ocrx_word' id='word_1_142' title='bbox 890 1353 931 1385; x_wconf 87' lang='lat' dir='ltr'>et</span> <span class='ocrx_word' id='word_1_143' title='bbox 953 1345 1140 1385; x_wconf 86' lang='lat' dir='ltr'>ascendit</span> <span class='ocrx_word' id='word_1_144' title='bbox 1170 1344 1198 1386; x_wconf 81' lang='lat'>¹.</span> <span class='ocrx_word' id='word_1_145' title='bbox 1228 1363 1243 1382; x_wconf 73' lang='lat' dir='ltr'><strong><em>n</em></strong></span> <span class='ocrx_word' id='word_1_146' title='bbox 1259 1345 1445 1386; x_wconf 82' lang='lat' dir='ltr'>Samari-</span> 
     </span>
     <span class='ocr_line' id='line_1_18' title="bbox 83 1413 1442 1470; baseline -0.001 -14"><span class='ocrx_word' id='word_1_147' title='bbox 83 1422 180 1456; x_wconf 83' lang='lat' dir='ltr'>tana</span> <span class='ocrx_word' id='word_1_148' title='bbox 202 1415 270 1456; x_wconf 83' lang='lat' dir='ltr'>illa</span> <span class='ocrx_word' id='word_1_149' title='bbox 288 1415 400 1456; x_wconf 74' lang='lat' dir='ltr'>venit</span> <span class='ocrx_word' id='word_1_150' title='bbox 419 1417 471 1456; x_wconf 84' lang='lat' dir='ltr'>ad</span> <span class='ocrx_word' id='word_1_151' title='bbox 491 1415 671 1461; x_wconf 80' lang='lat' dir='ltr'>sontem,</span> <span class='ocrx_word' id='word_1_152' title='bbox 696 1414 804 1455; x_wconf 86' lang='lat' dir='ltr'>sicut</span> <span class='ocrx_word' id='word_1_153' title='bbox 826 1414 867 1454; x_wconf 92' lang='lat' dir='ltr'>in</span> <span class='ocrx_word' id='word_1_154' title='bbox 889 1413 1113 1470; x_wconf 75' lang='lat' dir='ltr'>Evangelio</span> <span class='ocrx_word' id='word_1_155' title='bbox 1133 1414 1335 1469; x_wconf 80' lang='lat' dir='ltr'>scriptum</span> <span class='ocrx_word' id='word_1_156' title='bbox 1355 1422 1417 1455; x_wconf 84' lang='lat' dir='ltr'>est</span> <span class='ocrx_word' id='word_1_157' title='bbox 1430 1446 1442 1462; x_wconf 82' lang='lat'>,</span> 
     </span>
     <span class='ocr_line' id='line_1_19' title="bbox 84 1483 1444 1540; baseline -0.001 -15"><span class='ocrx_word' id='word_1_158' title='bbox 84 1484 158 1525; x_wconf 84' lang='lat' dir='ltr'>sed</span> <span class='ocrx_word' id='word_1_159' title='bbox 180 1499 263 1525; x_wconf 90' lang='lat' dir='ltr'>non</span> <span class='ocrx_word' id='word_1_160' title='bbox 275 1484 491 1527; x_wconf 80' lang='lat' dir='ltr'>descendit</span> <span class='ocrx_word' id='word_1_161' title='bbox 507 1483 520 1505; x_wconf 84' lang='lat'><strong>²</strong></span> <span class='ocrx_word' id='word_1_162' title='bbox 545 1499 554 1525; x_wconf 77' lang='lat' dir='ltr'>z</span> <span class='ocrx_word' id='word_1_163' title='bbox 576 1492 727 1540; x_wconf 82' lang='lat' dir='ltr'>puteus</span> <span class='ocrx_word' id='word_1_164' title='bbox 748 1483 785 1524; x_wconf 82' lang='lat' dir='ltr'>ei</span> <span class='ocrx_word' id='word_1_165' title='bbox 808 1483 1043 1530; x_wconf 72' lang='lat' dir='ltr'>videbatur,</span> <span class='ocrx_word' id='word_1_166' title='bbox 1064 1498 1141 1524; x_wconf 84' lang='lat' dir='ltr'>nec</span> <span class='ocrx_word' id='word_1_167' title='bbox 1166 1483 1351 1539; x_wconf 65' lang='lat' dir='ltr'>implevit</span> <span class='ocrx_word' id='word_1_168' title='bbox 1369 1484 1444 1540; x_wconf 70' lang='lat' dir='ltr'>hy—</span> 
     </span>
     <span class='ocr_line' id='line_1_20' title="bbox 85 1552 1445 1610; baseline 0.001 -16"><span class='ocrx_word' id='word_1_169' title='bbox 85 1553 234 1596; x_wconf 88' lang='lat' dir='ltr'>driam.</span> <span class='ocrx_word' id='word_1_170' title='bbox 250 1553 440 1610; x_wconf 84' lang='lat' dir='ltr'>Denique</span> <span class='ocrx_word' id='word_1_171' title='bbox 455 1554 511 1595; x_wconf 84' lang='lat' dir='ltr'>ait</span> <span class='ocrx_word' id='word_1_172' title='bbox 528 1569 536 1594; x_wconf 91' lang='lat'><strong>:</strong></span> <span class='ocrx_word' id='word_1_173' title='bbox 552 1554 755 1610; x_wconf 69' lang='lat' dir='ltr'>Hydriam</span> <span class='ocrx_word' id='word_1_174' title='bbox 772 1568 856 1594; x_wconf 91' lang='lat' dir='ltr'>non</span> <span class='ocrx_word' id='word_1_175' title='bbox 867 1553 1001 1594; x_wconf 85' lang='lat' dir='ltr'>habeo</span> <span class='ocrx_word' id='word_1_176' title='bbox 1026 1552 1070 1607; x_wconf 73' lang='grc'>(4</span> <span class='ocrx_word' id='word_1_177' title='bbox 1082 1553 1138 1609; x_wconf 79' lang='grc'>3).</span> <span class='ocrx_word' id='word_1_178' title='bbox 1154 1554 1245 1596; x_wconf 74' lang='lat' dir='ltr'>Non</span> <span class='ocrx_word' id='word_1_179' title='bbox 1262 1554 1445 1595; x_wconf 77' lang='lat' dir='ltr'>habebat</span> 
     </span>
     <span class='ocr_line' id='line_1_21' title="bbox 83 1622 1444 1679; baseline 0.001 -16"><span class='ocrx_word' id='word_1_180' title='bbox 83 1622 196 1664; x_wconf 82' lang='lat' dir='ltr'>unde</span> <span class='ocrx_word' id='word_1_181' title='bbox 215 1630 330 1664; x_wconf 86' lang='lat' dir='ltr'>actus</span> <span class='ocrx_word' id='word_1_182' title='bbox 350 1638 448 1664; x_wconf 88' lang='lat' dir='ltr'>suos</span> <span class='ocrx_word' id='word_1_183' title='bbox 465 1624 635 1665; x_wconf 77' lang='lat' dir='ltr'>lavaret.</span> <span class='ocrx_word' id='word_1_184' title='bbox 660 1623 758 1664; x_wconf 76' lang='lat' dir='ltr'>Haec</span> <span class='ocrx_word' id='word_1_185' title='bbox 779 1624 864 1664; x_wconf 85' lang='lat' dir='ltr'>sola</span> <span class='ocrx_word' id='word_1_186' title='bbox 883 1622 1114 1670; x_wconf 79' lang='lat' dir='ltr'>descendit,</span> <span class='ocrx_word' id='word_1_187' title='bbox 1136 1623 1228 1664; x_wconf 62' lang='lat' dir='ltr'>Ltaec</span> <span class='ocrx_word' id='word_1_188' title='bbox 1246 1624 1331 1664; x_wconf 88' lang='lat' dir='ltr'>sola</span> <span class='ocrx_word' id='word_1_189' title='bbox 1350 1637 1444 1679; x_wconf 81' lang='lat' dir='ltr'>cog-</span> 
     </span>
     <span class='ocr_line' id='line_1_22' title="bbox 82 1693 1444 1748; baseline 0 -14"><span class='ocrx_word' id='word_1_190' title='bbox 82 1693 198 1735; x_wconf 89' lang='lat' dir='ltr'>novit</span> <span class='ocrx_word' id='word_1_191' title='bbox 220 1693 380 1735; x_wconf 86' lang='lat' dir='ltr'>fontem</span> <span class='ocrx_word' id='word_1_192' title='bbox 401 1708 547 1735; x_wconf 70' lang='lat' dir='ltr'>verum</span> <span class='ocrx_word' id='word_1_193' title='bbox 564 1726 574 1741; x_wconf 96' lang='lat'>,</span> <span class='ocrx_word' id='word_1_194' title='bbox 601 1694 682 1734; x_wconf 85' lang='lat' dir='ltr'>hoc</span> <span class='ocrx_word' id='word_1_195' title='bbox 703 1701 788 1740; x_wconf 87' lang='lat' dir='ltr'>est,</span> <span class='ocrx_word' id='word_1_196' title='bbox 808 1707 891 1745; x_wconf 87' lang='lat' dir='ltr'>non</span> <span class='ocrx_word' id='word_1_197' title='bbox 918 1708 1033 1748; x_wconf 83' lang='lat' dir='ltr'>aquae</span> <span class='ocrx_word' id='word_1_198' title='bbox 1059 1693 1239 1740; x_wconf 81' lang='lat' dir='ltr'>sontem,</span> <span class='ocrx_word' id='word_1_199' title='bbox 1263 1694 1335 1734; x_wconf 84' lang='lat' dir='ltr'>sed</span> <span class='ocrx_word' id='word_1_200' title='bbox 1351 1693 1444 1734; x_wconf 85' lang='lat' dir='ltr'>vitae</span> 
     </span>
     <span class='ocr_line' id='line_1_23' title="bbox 82 1762 1442 1819; baseline 0.001 -17"><span class='ocrx_word' id='word_1_201' title='bbox 82 1769 273 1811; x_wconf 84' lang='lat' dir='ltr'>aeternae,</span> <span class='ocrx_word' id='word_1_202' title='bbox 304 1763 412 1804; x_wconf 87' lang='lat' dir='ltr'>sieut</span> <span class='ocrx_word' id='word_1_203' title='bbox 447 1763 549 1804; x_wconf 85' lang='lat' dir='ltr'>dixit</span> <span class='ocrx_word' id='word_1_204' title='bbox 575 1763 707 1804; x_wconf 74' lang='lat' dir='ltr'>David</span> <span class='ocrx_word' id='word_1_205' title='bbox 737 1778 778 1803; x_wconf 77' lang='lat' dir='ltr'>z«</span> <span class='ocrx_word' id='word_1_206' title='bbox 808 1762 1018 1813; x_wconf 80' lang='lat' dir='ltr'>Quoniam</span> <span class='ocrx_word' id='word_1_207' title='bbox 1048 1764 1159 1819; x_wconf 86' lang='lat' dir='ltr'>apud</span> <span class='ocrx_word' id='word_1_208' title='bbox 1188 1770 1229 1804; x_wconf 88' lang='lat' dir='ltr'>te</span> <span class='ocrx_word' id='word_1_209' title='bbox 1257 1770 1320 1804; x_wconf 87' lang='lat' dir='ltr'>est</span> <span class='ocrx_word' id='word_1_210' title='bbox 1352 1763 1442 1804; x_wconf 87' lang='lat' dir='ltr'>sons</span> 
     </span>
     <span class='ocr_line' id='line_1_24' title="bbox 82 1832 1443 1890; baseline 0.001 -16"><span class='ocrx_word' id='word_1_211' title='bbox 82 1832 228 1882; x_wconf 86' lang='lat' dir='ltr'>»vitae,</span> <span class='ocrx_word' id='word_1_212' title='bbox 250 1841 291 1874; x_wconf 88' lang='lat' dir='ltr'>et</span> <span class='ocrx_word' id='word_1_213' title='bbox 316 1833 357 1874; x_wconf 89' lang='lat' dir='ltr'>in</span> <span class='ocrx_word' id='word_1_214' title='bbox 377 1833 535 1874; x_wconf 89' lang='lat' dir='ltr'>lumine</span> <span class='ocrx_word' id='word_1_215' title='bbox 560 1841 631 1874; x_wconf 88' lang='lat' dir='ltr'>tuo</span> <span class='ocrx_word' id='word_1_216' title='bbox 656 1833 893 1874; x_wconf 82' lang='lat' dir='ltr'>videbimus</span> <span class='ocrx_word' id='word_1_217' title='bbox 916 1834 1061 1874; x_wconf 88' lang='lat' dir='ltr'>lumen</span> <span class='ocrx_word' id='word_1_218' title='bbox 1079 1832 1107 1874; x_wconf 76' lang='lat'>³.</span> <span class='ocrx_word' id='word_1_219' title='bbox 1136 1833 1353 1890; x_wconf 85' lang='lat' dir='ltr'>»Ideoque</span> <span class='ocrx_word' id='word_1_220' title='bbox 1373 1834 1443 1876; x_wconf 88' lang='lat' dir='ltr'>ha-</span> 
     </span>
     <span class='ocr_line' id='line_1_25' title="bbox 82 1901 1441 1960; baseline 0.003 -18"><span class='ocrx_word' id='word_1_221' title='bbox 82 1901 173 1943; x_wconf 85' lang='lat' dir='ltr'>buit</span> <span class='ocrx_word' id='word_1_222' title='bbox 195 1903 307 1958; x_wconf 91' lang='lat' dir='ltr'>quod</span> <span class='ocrx_word' id='word_1_223' title='bbox 335 1904 451 1944; x_wconf 83' lang='lat' dir='ltr'>daret</span> <span class='ocrx_word' id='word_1_224' title='bbox 481 1903 739 1950; x_wconf 81' lang='lat' dir='ltr'>sitientibus,</span> <span class='ocrx_word' id='word_1_225' title='bbox 775 1902 871 1958; x_wconf 87' lang='lat' dir='ltr'>quia</span> <span class='ocrx_word' id='word_1_226' title='bbox 895 1902 1084 1944; x_wconf 83' lang='lat' dir='ltr'>credidit.</span> <span class='ocrx_word' id='word_1_227' title='bbox 1113 1903 1217 1945; x_wconf 76' lang='lat' dir='ltr'>Nam</span> <span class='ocrx_word' id='word_1_228' title='bbox 1241 1919 1331 1960; x_wconf 82' lang='lat' dir='ltr'>quae</span> <span class='ocrx_word' id='word_1_229' title='bbox 1354 1919 1441 1946; x_wconf 89' lang='lat' dir='ltr'>non</span> 
     </span>
     <span class='ocr_line' id='line_1_26' title="bbox 83 1971 1443 2028; baseline 0.002 -16"><span class='ocrx_word' id='word_1_230' title='bbox 83 1972 305 2019; x_wconf 85' lang='lat' dir='ltr'>credebat,</span> <span class='ocrx_word' id='word_1_231' title='bbox 331 1971 387 2013; x_wconf 85' lang='lat' dir='ltr'>ait</span> <span class='ocrx_word' id='word_1_232' title='bbox 414 1971 517 2014; x_wconf 87' lang='lat' dir='ltr'>sonti</span> <span class='ocrx_word' id='word_1_233' title='bbox 540 1972 638 2013; x_wconf 85' lang='lat' dir='ltr'>huic</span> <span class='ocrx_word' id='word_1_234' title='bbox 661 1972 816 2013; x_wconf 69' lang='lat' dir='ltr'>volenti</span> <span class='ocrx_word' id='word_1_235' title='bbox 840 1972 917 2013; x_wconf 87' lang='lat' dir='ltr'>sibi</span> <span class='ocrx_word' id='word_1_236' title='bbox 942 1980 1087 2028; x_wconf 90' lang='lat' dir='ltr'>potum</span> <span class='ocrx_word' id='word_1_237' title='bbox 1116 1973 1215 2014; x_wconf 87' lang='lat' dir='ltr'>dare</span> <span class='ocrx_word' id='word_1_238' title='bbox 1244 1987 1286 2013; x_wconf 75' lang='lat' dir='ltr'>z«</span> <span class='ocrx_word' id='word_1_239' title='bbox 1322 1974 1443 2015; x_wconf 77' lang='lat' dir='ltr'>[nde</span> 
     </span>
     <span class='ocr_line' id='line_1_27' title="bbox 82 2041 1439 2098; baseline 0.004 -17"><span class='ocrx_word' id='word_1_240' title='bbox 82 2059 97 2079; x_wconf 75' lang='grc'>1)</span> <span class='ocrx_word' id='word_1_241' title='bbox 111 2041 213 2083; x_wconf 93' lang='lat' dir='ltr'>mihi</span> <span class='ocrx_word' id='word_1_242' title='bbox 230 2041 358 2083; x_wconf 88' lang='lat' dir='ltr'>habes</span> <span class='ocrx_word' id='word_1_243' title='bbox 372 2041 470 2083; x_wconf 83' lang='lat' dir='ltr'>dare</span> <span class='ocrx_word' id='word_1_244' title='bbox 484 2057 633 2098; x_wconf 86' lang='lat' dir='ltr'>aquam</span> <span class='ocrx_word' id='word_1_245' title='bbox 653 2041 785 2084; x_wconf 73' lang='lat' dir='ltr'>vivam</span> <span class='ocrx_word' id='word_1_246' title='bbox 799 2042 809 2062; x_wconf 71' lang='lat'>⁵</span> <span class='ocrx_word' id='word_1_247' title='bbox 829 2043 846 2083; x_wconf 78' lang='grc' dir='ltr'>Ξ)</span> <span class='ocrx_word' id='word_1_248' title='bbox 863 2062 877 2081; x_wconf 86' lang='lat'>»</span> <span class='ocrx_word' id='word_1_249' title='bbox 891 2043 988 2084; x_wconf 80' lang='lat' dir='ltr'>Haec</span> <span class='ocrx_word' id='word_1_250' title='bbox 1006 2051 1144 2085; x_wconf 86' lang='lat' dir='ltr'>autem</span> <span class='ocrx_word' id='word_1_251' title='bbox 1162 2043 1311 2085; x_wconf 86' lang='lat' dir='ltr'>habuit</span> <span class='ocrx_word' id='word_1_252' title='bbox 1328 2047 1439 2087; x_wconf 87' lang='lat' dir='ltr'>unde</span> 
     </span>
     <span class='ocr_line' id='line_1_28' title="bbox 81 2112 1440 2170; baseline 0.002 -18"><span class='ocrx_word' id='word_1_253' title='bbox 81 2126 166 2152; x_wconf 89' lang='grc'><strong>11011</strong></span> <span class='ocrx_word' id='word_1_254' title='bbox 183 2112 317 2153; x_wconf 90' lang='lat' dir='ltr'>solum</span> <span class='ocrx_word' id='word_1_255' title='bbox 332 2127 509 2168; x_wconf 87' lang='lat' dir='ltr'>puerum</span> <span class='ocrx_word' id='word_1_256' title='bbox 521 2144 532 2160; x_wconf 91' lang='lat'>,</span> <span class='ocrx_word' id='word_1_257' title='bbox 554 2114 627 2154; x_wconf 87' lang='lat' dir='ltr'>sed</span> <span class='ocrx_word' id='word_1_258' title='bbox 643 2113 769 2153; x_wconf 84' lang='lat' dir='ltr'>etiam</span> <span class='ocrx_word' id='word_1_259' title='bbox 787 2114 968 2154; x_wconf 79' lang='lat' dir='ltr'>camelos</span> <span class='ocrx_word' id='word_1_260' title='bbox 986 2115 1227 2169; x_wconf 83' lang='lat' dir='ltr'>adaquaret,</span> <span class='ocrx_word' id='word_1_261' title='bbox 1249 2129 1339 2170; x_wconf 80' lang='lat' dir='ltr'>quae</span> <span class='ocrx_word' id='word_1_262' title='bbox 1356 2130 1440 2156; x_wconf 88' lang='lat' dir='ltr'>non</span> 
     </span>
     <span class='ocr_line' id='line_1_29' title="bbox 83 2182 1433 2240; baseline 0.003 -18"><span class='ocrx_word' id='word_1_263' title='bbox 83 2183 218 2223; x_wconf 87' lang='lat' dir='ltr'>solum</span> <span class='ocrx_word' id='word_1_264' title='bbox 238 2182 371 2238; x_wconf 83' lang='lat' dir='ltr'>justos</span> <span class='ocrx_word' id='word_1_265' title='bbox 399 2182 534 2239; x_wconf 79' lang='lat' dir='ltr'>rig-are</span> <span class='ocrx_word' id='word_1_266' title='bbox 556 2183 788 2231; x_wconf 71' lang='lat' dir='ltr'>consuevit,</span> <span class='ocrx_word' id='word_1_267' title='bbox 810 2183 881 2224; x_wconf 85' lang='lat' dir='ltr'>sed</span> <span class='ocrx_word' id='word_1_268' title='bbox 904 2183 1029 2224; x_wconf 79' lang='lat' dir='ltr'>etiam</span> <span class='ocrx_word' id='word_1_269' title='bbox 1047 2183 1223 2240; x_wconf 87' lang='lat' dir='ltr'>injustos</span> <span class='ocrx_word' id='word_1_270' title='bbox 1246 2184 1433 2240; x_wconf 84' lang='lat' dir='ltr'>implere.</span> 
     </span>
     <span class='ocr_line' id='line_1_30' title="bbox 81 2250 1441 2310; baseline 0.003 -19"><span class='ocrx_word' id='word_1_271' title='bbox 81 2250 179 2292; x_wconf 89' lang='lat' dir='ltr'>Ideo</span> <span class='ocrx_word' id='word_1_272' title='bbox 212 2251 563 2308; x_wconf 76' lang='lat' dir='ltr'>accepitjnaures</span> <span class='ocrx_word' id='word_1_273' title='bbox 596 2268 763 2300; x_wconf 85' lang='lat' dir='ltr'>aureas,</span> <span class='ocrx_word' id='word_1_274' title='bbox 793 2260 832 2293; x_wconf 82' lang='lat' dir='ltr'>et</span> <span class='ocrx_word' id='word_1_275' title='bbox 860 2252 982 2294; x_wconf 77' lang='lat' dir='ltr'>virias</span> <span class='ocrx_word' id='word_1_276' title='bbox 1025 2252 1129 2310; x_wconf 63' lang='lat'>(44)</span> <span class='ocrx_word' id='word_1_277' title='bbox 1150 2286 1159 2301; x_wconf 92' lang='lat'>‚</span> <span class='ocrx_word' id='word_1_278' title='bbox 1193 2268 1295 2309; x_wconf 79' lang='lat' dir='ltr'>quas</span> <span class='ocrx_word' id='word_1_279' title='bbox 1327 2254 1441 2295; x_wconf 85' lang='lat' dir='ltr'>misit</span> 
     </span>
     <span class='ocr_line' id='line_1_31' title="bbox 95 2319 1207 2379; baseline 0.004 -18"><span class='ocrx_word' id='word_1_280' title='bbox 95 2319 324 2369; x_wconf 87' lang='lat' dir='ltr'>Abraham,</span> <span class='ocrx_word' id='word_1_281' title='bbox 348 2330 546 2378; x_wconf 85' lang='lat' dir='ltr'>tanquam</span> <span class='ocrx_word' id='word_1_282' title='bbox 567 2323 814 2364; x_wconf 86' lang='lat' dir='ltr'>meritorum</span> <span class='ocrx_word' id='word_1_283' title='bbox 835 2337 1006 2363; x_wconf 86' lang='lat' dir='ltr'>suorum</span> <span class='ocrx_word' id='word_1_284' title='bbox 1024 2323 1207 2379; x_wconf 83' lang='lat' dir='ltr'>praemia.</span> 
     </span>
    </p>
   </div>
   <div class='ocr_carea' id='block_1_3' title="bbox 141 2390 1442 2452">
    <p class='ocr_par' dir='ltr' id='par_1_3' title="bbox 141 2390 1442 2452">
     <span class='ocr_line' id='line_1_32' title="bbox 141 2390 1442 2452; baseline 0.002 -19"><span class='ocrx_word' id='word_1_285' title='bbox 141 2390 385 2435; x_wconf 83' lang='lat' dir='ltr'><strong>LXXXIX.</strong></span> <span class='ocrx_word' id='word_1_286' title='bbox 418 2392 612 2434; x_wconf 86' lang='lat' dir='ltr'>Fortasse</span> <span class='ocrx_word' id='word_1_287' title='bbox 647 2393 861 2435; x_wconf 81' lang='lat' dir='ltr'>audientes</span> <span class='ocrx_word' id='word_1_288' title='bbox 891 2391 981 2434; x_wconf 79' lang='lat' dir='ltr'>haec</span> <span class='ocrx_word' id='word_1_289' title='bbox 1008 2392 1124 2440; x_wconf 82' lang='lat' dir='ltr'>filiae,</span> <span class='ocrx_word' id='word_1_290' title='bbox 1150 2408 1240 2451; x_wconf 86' lang='lat' dir='ltr'>quae</span> <span class='ocrx_word' id='word_1_291' title='bbox 1269 2395 1320 2435; x_wconf 88' lang='lat' dir='ltr'>ad</span> <span class='ocrx_word' id='word_1_292' title='bbox 1347 2409 1442 2452; x_wconf 71' lang='lat' dir='ltr'>gra-</span> 
     </span>
    </p>
   </div>
   <div class='ocr_carea' id='block_1_4' title="bbox 85 2496 1438 2593">
    <p class='ocr_par' dir='ltr' id='par_1_4' title="bbox 85 2496 1438 2593">
     <span class='ocr_line' id='line_1_33' title="bbox 129 2496 1438 2541; baseline 0.005 -14"><span class='ocrx_word' id='word_1_293' title='bbox 129 2504 137 2524; x_wconf 68' lang='lat'>!</span> <span class='ocrx_word' id='word_1_294' title='bbox 159 2496 242 2530; x_wconf 88' lang='lat' dir='ltr'>Gen.</span> <span class='ocrx_word' id='word_1_295' title='bbox 265 2507 333 2535; x_wconf 78' lang='lat' dir='ltr'>xiv,</span> <span class='ocrx_word' id='word_1_296' title='bbox 353 2498 402 2533; x_wconf 82' lang='lat'>16,</span> <span class='ocrx_word' id='word_1_297' title='bbox 418 2503 450 2531; x_wconf 86' lang='lat' dir='ltr'>et</span> <span class='ocrx_word' id='word_1_298' title='bbox 464 2509 549 2541; x_wconf 86' lang='lat' dir='ltr'>seqq.</span> <span class='ocrx_word' id='word_1_299' title='bbox 570 2509 634 2524; x_wconf 78' lang='lat'>—2</span> <span class='ocrx_word' id='word_1_300' title='bbox 654 2499 748 2531; x_wconf 86' lang='lat' dir='ltr'>Joan.</span> <span class='ocrx_word' id='word_1_301' title='bbox 769 2509 816 2538; x_wconf 77' lang='lat' dir='ltr'>xv,</span> <span class='ocrx_word' id='word_1_302' title='bbox 835 2510 866 2541; x_wconf 86' lang='lat'>7.</span> <span class='ocrx_word' id='word_1_303' title='bbox 882 2517 921 2525; x_wconf 82' lang='lat'><em>-</em></span> <span class='ocrx_word' id='word_1_304' title='bbox 939 2500 952 2523; x_wconf 79' lang='lat'><strong>³</strong></span> <span class='ocrx_word' id='word_1_305' title='bbox 972 2498 1053 2532; x_wconf 86' lang='lat' dir='ltr'>Psal.</span> <span class='ocrx_word' id='word_1_306' title='bbox 1071 2509 1168 2537; x_wconf 78' lang='lat' dir='ltr'>xxxv,</span> <span class='ocrx_word' id='word_1_307' title='bbox 1186 2508 1233 2531; x_wconf 90' lang='grc'>10.</span> <span class='ocrx_word' id='word_1_308' title='bbox 1252 2517 1294 2526; x_wconf 88' lang='lat'>—-</span> <span class='ocrx_word' id='word_1_309' title='bbox 1313 2502 1326 2529; x_wconf 76' lang='grc'>4</span> <span class='ocrx_word' id='word_1_310' title='bbox 1342 2499 1438 2535; x_wconf 81' lang='lat' dir='ltr'>Joan.</span> 
     </span>
     <span class='ocr_line' id='line_1_34' title="bbox 85 2559 203 2593; baseline 0 -9"><span class='ocrx_word' id='word_1_311' title='bbox 85 2559 130 2593; x_wconf 74' lang='lat' dir='ltr'>w,</span> <span class='ocrx_word' id='word_1_312' title='bbox 153 2559 203 2586; x_wconf 71' lang='grc' dir='ltr'>ιι,</span> 
     </span>
    </p>
   </div>
  </div>
 </body>
</html>
