1742 3233
507 272 792 301 REXAEMERON.
832 273 910 300 Lm.
950 272 1002 299 vr.
1349 264 1435 305 225

84 350 272 392 laborem
289 349 449 391 dierum
464 381 475 398 ,
500 358 541 391 et
563 352 777 406 praesentis
795 351 1018 393 subeamus
1041 354 1260 408 pudorem.
1295 355 1438 411 Neque

82 421 197 462 enim
215 421 361 461 eadem
373 419 545 460 dicendi
567 420 766 469 conditio,
781 436 872 477 quae
887 421 1063 462 canendi
1081 429 1204 478 atque
1223 424 1407 464 luctandi
1427 443 1435 472 ;

88 504 186 531 cum
204 489 244 530 in
266 488 344 530 illis
365 490 486 531 ludus
504 489 759 538 offensionis,
780 491 821 531 in
846 491 922 532 isto
944 492 1082 548 lapsus
1100 492 1151 533 sit
1167 493 1326 534 mortis.
1350 493 1437 535 Illic

88 560 121 601 si
157 574 325 617 pecces,
360 559 639 616 spectantium
670 560 882 602 fastidium
916 570 978 603 est
1008 577 1016 603 ε
1047 561 1116 603 hic
1145 563 1346 604 damnum
1378 572 1438 605 cst

91 630 361 672 audientium.

148 700 199 741 II.
228 699 415 742 Assistite
428 701 551 758 igitur
561 701 663 743 mihi
676 710 872 758 tanquam
884 718 1048 745 coronae
1059 703 1237 760 judices,
1255 713 1295 746 et
1309 706 1445 762 ingre-

85 770 238 813 dimini
255 785 423 812 mecum
438 771 477 813 in
491 772 570 814 hoc
589 788 787 829 magnum
800 782 841 815 et
863 774 1107 816 admirabile
1125 775 1251 816 totius
1274 776 1444 816 visibitis

94 840 304 882 theatrum
337 850 550 883 creaturae.
586 842 751 884 Etenim
782 842 813 884 si
843 843 895 891 is,
926 843 995 899 qui
1025 845 1210 901 explorat
1241 860 1445 886 novorum

94 911 294 952 adventus
321 910 556 968 hospitum,
586 920 672 954 toto
695 927 765 953 eos
799 912 1080 955 circumducit
1114 914 1226 955 urbis
1259 915 1444 963 ambitu,

90 981 376 1037 praestantiora
398 996 573 1038 quaeque
591 997 716 1039 opera
741 984 1031 1024 demonstrans
1046 1015 1057 1031 ,
1082 999 1166 1024 non
1191 985 1449 1025 mediocrem

90 1051 201 1093 locat
225 1052 396 1108 gratiam
415 1067 424 1093 :
445 1060 601 1108 quanto
619 1050 749 1109 inagis
768 1053 855 1094 sine
875 1053 1039 1094 fastidio
1053 1053 1243 1110 accipere
1268 1054 1443 1101 debetis,

86 1123 206 1176 quod
232 1123 345 1162 velut
369 1123 548 1177 quadam
573 1122 776 1164 sermonis
798 1137 926 1163 manu
948 1138 1022 1179 per
1044 1123 1152 1164 hanc
1179 1138 1447 1166 communem

90 1205 164 1232 vos
187 1191 459 1234 circumduco
486 1192 663 1249 patriam
683 1225 693 1239 ,
721 1201 762 1234 et
788 1193 1045 1250 singularum
1068 1209 1207 1235 rerum
1235 1195 1393 1252 species
1410 1204 1447 1236 ct

91 1275 244 1317 genera
268 1261 533 1309 demonstro,
564 1277 614 1303 ex
638 1263 832 1303 omnibus
857 1263 1052 1320 colligere
1076 1265 1269 1321 cupiens,
1294 1274 1450 1321 quanto

93 1330 211 1372 vobis
229 1339 392 1372 creator
413 1331 703 1373 universorum
728 1333 903 1390 gratiam
927 1334 1189 1383 uberiorem,
1215 1351 1342 1391 quam
1365 1335 1452 1379 uni-

92 1401 222 1442 versis
239 1402 466 1444 donaverit.
494 1401 623 1444 Vobis
646 1403 770 1460 igitur
791 1403 879 1445 haec
905 1419 1059 1446 corona
1081 1406 1333 1462 proponitur
1348 1439 1359 1455 ‚
1380 1422 1451 1448 1-05

95 1470 221 1513 hodie
245 1472 368 1529 cupio
391 1481 526 1514 vestro
549 1472 708 1528 judicio
737 1489 952 1516 coronare.
975 1475 1067 1516 Non
1084 1475 1196 1516 enim
1216 1491 1290 1516 nos
1315 1476 1453 1517 athle-

96 1548 235 1583 tarum
248 1544 374 1584 modo
391 1544 619 1585 marcentia
639 1552 748 1585 serta
769 1546 1049 1601 deposcimus,
1070 1547 1143 1587 sed
1159 1546 1290 1587 viride
1306 1553 1452 1588 vestra}

93 1612 325 1654 sanctitatis
361 1613 560 1661 examen3
595 1628 677 1669 qno
711 1615 944 1655 decernatis
981 1631 1056 1672 per
1098 1630 1243 1656 omnes
1281 1615 1452 1671 quidem

98 1691 310 1725 creaturas
326 1683 630 1740 providentiam
649 1693 868 1741 penetrare
892 1685 1072 1726 divinam
1086 1718 1097 1734 ,
1122 1687 1194 1727 scd
1217 1701 1314 1726 cum
1336 1693 1455 1726 caete-

96 1751 153 1793 ris
170 1753 286 1794 vobis
309 1768 534 1794 commune
558 1769 768 1811 corporeae
798 1754 1028 1811 fragilitatis
1052 1770 1141 1796 esse
1166 1754 1425 1797 consortium
1441 1787 1450 1803 ,

96 1837 182 1879 prae
211 1823 369 1865 caeteris
398 1832 535 1865 tamen
560 1839 631 1865 vos
656 1824 782 1865 animi
812 1824 964 1869 virtute
997 1833 1210 1874 constare,
1244 1840 1336 1882 quae
1369 1826 1454 1866 sola

98 1893 204 1934 nihil
219 1893 346 1936 habet
373 1909 598 1936 commune
623 1893 719 1936 eum
743 1895 917 1936 caeteris.
